2913 4338
367 281 488 343 422
1230 282 1535 336 BELLUM
1591 282 1999 337 CATILINAE

371 474 434 518 ἰο
465 456 797 535 deprensis
873 454 1171 518 hostibus
1250 454 1543 517 faciatis?
1587 455 2020 517 misereamini
2100 463 2328 517 censee
2413 454 2712 533 (deliquere

466 555 758 619 homines
804 553 1272 617 adulescentuli
1316 574 1432 634 per
1478 554 1931 630 ambitienem)
1984 561 2184 634 atque
2228 555 2428 617 etiam
2472 561 2714 616 armates

465 655 843 718 dimittatis:
887 663 968 716 ne
1021 654 1149 716 ista
1201 655 1388 716 vebis
1441 654 1879 716 mansuetuda
1930 660 1999 717 et
2053 653 2502 728 misericordia,
2553 663 2602 714 si
2645 654 2716 715 illi

467 775 649 818 arma
681 754 988 834 ceperint,
1023 754 1093 814 in
1124 753 1446 816 miseriam
1483 759 1849 817 convortat.
1940 753 2199 817 Scilicet
2229 763 2330 816 res
2362 754 2499 833 ipsa
2530 774 2717 833 aspera

464 863 583 931 est,
607 854 719 917 sed
741 863 859 916 ves
877 863 1011 915 nen
1031 853 1277 916 timetis
1296 874 1462 917 eam.
1552 854 1767 915 Imme
1788 863 1943 917 vere
1965 863 2292 916 maxume.
2383 854 2718 917 Sedinertia

370 973 432 1019 ⁷5
463 962 531 1018 et
566 954 841 1017 mollitia
874 954 1074 1016 animi
1109 953 1271 1016 alius
1306 953 1505 1016 alium
1540 960 1965 1033 expectantes
2001 953 2421 1029 cunctamini,
2458 953 2717 1016 videlicet

467 1056 566 1118 dis
624 1054 1079 1118 inmortalibus
1139 1053 1384 1130 confisi,
1449 1062 1565 1133 qui
1625 1054 1791 1116 hanc
1853 1074 1988 1116 rem
2051 1053 2382 1134 publicam
2442 1074 2618 1133 saepe
2665 1054 2718 1115 in

466 1163 791 1218 maxumis
861 1153 1161 1233 periculis
1232 1163 1590 1217 servavere.
1682 1153 1831 1217 Nen
1904 1160 2077 1216 vetis
2149 1173 2361 1233 neque
2433 1154 2718 1233 suppliciis

466 1254 889 1317 muliebribus
932 1253 1173 1315 auxilia
1217 1252 1484 1316 dearum
1529 1260 1874 1333 parantur:
1920 1253 2249 1332 vigilande
2294 1254 2548 1332 agunde
2586 1255 2717 1316 bene

466 1353 866 1419 consulundo
912 1365 1222 1433 prespera
1268 1353 1490 1417 omnia
1537 1354 1796 1416 cedunt.
1887 1354 2018 1417 Ubi
2065 1354 2397 1417 secordiae
2446 1360 2511 1417 te
2555 1360 2716 1432 atque

367 1473 433 1518 so
466 1454 764 1534 ignaviae
809 1453 1170 1529 tradideriS,
1218 1462 1617 1533 nequiquam
1665 1433 1819 1516 dees
1865 1454 2171 1533 inpleres:
2214 1461 2368 1516 irati
2413 1448 2715 1532 infestique

463 1560 634 1617 sunt.
724 1553 918 1633 Apud
978 1553 1252 1615 maieres
1308 1559 1567 1618 nostros
1640 1553 1715 1615 A.
1795 1553 2073 1616 Manlius
2145 1553 2520 1632 Torquatus
2582 1553 2717 1615 belle

466 1654 712 1718 Gallice
751 1653 957 1715 filium
996 1673 1207 1728 suum,
1247 1651 1425 1734 quod
1464 1653 1517 1715 is
1555 1660 1784 1717 contra
1819 1654 2162 1733 imperium
2201 1654 2270 1714 in
2310 1654 2559 1717 hostem
2591 1673 2719 1733 pug-

466 1760 760 1829 naverat,
785 1762 1002 1816 necari
1024 1753 1230 1829 iussit,
1257 1758 1456 1832 atque
1480 1753 1584 1815 ille
1607 1753 1896 1832 egregius
1919 1753 2295 1816 adulescens
2319 1753 2720 1818 inmoderatae

467 1853 871 1919 fortitudinis
899 1858 1109 1917 morte
1138 1862 1382 1933 poenas
1411 1852 1620 1916 dedit:
1664 1863 1783 1915 ves
1812 1854 1893 1917 de
1922 1852 2402 1916 crudelissumis
2430 1852 2723 1934 parricidis

368 1973 433 2018 85
467 1954 624 2035 quid
674 1953 1004 2028 statuatis,
1057 1953 1492 2016 cunctamini?
1535 1953 1837 2016 videlicet
1887 1960 2100 2016 cetera
2149 1959 2291 2015 vita
2339 1964 2560 2016 eerum
2604 1952 2721 2014 huic
2812 2021 2813 2030 ἶ

466 2054 684 2117 sceleri
726 2055 966 2118 obstat.
1055 2053 1296 2116 Verum
1335 2053 1587 2133 parcite
1629 2052 1935 2132 dignitati
1978 2054 2258 2129 Lentuli,
2303 2063 2359 2115 si
2400 2053 2535 2133 ipse
2572 2051 2722 2132 p'udi-
2812 2081 2813 2120 ᾗ

466 2154 674 2230 citiae‚
701 2163 755 2216 si
776 2153 990 2217 famae
1012 2174 1187 2231 suae,
1212 2162 1266 2217 si
1288 2153 1387 2216 dis
1410 2160 1528 2217 aut
1549 2153 1920 2217 hominibus
1941 2175 2258 2234 umquam
2282 2154 2430 2216 fillis
2452 2152 2717 2234 pepercit.

464 2256 788 2335 Ignoscite
845 2255 1110 2334 Cethegi
1169 2254 1665 2331 adulescentiae,
1727 2255 1849 2316 nisi
1908 2254 2145 2317 iterum
2205 2255 2463 2334 patriae
2519 2254 2719 2335 bellum

466 2356 635 2419 fecit.
727 2356 897 2418 Nam
954 2355 1111 2436 quid
1166 2374 1284 2433 ego
1341 2354 1422 2418 de
1478 2354 1756 2417 Gabinia
1812 2354 2073 2418 Statilie
2127 2356 2444 2434 Caeparie
2499 2355 2721 2434 loquar?

368 2477 430 2520 ου
463 2456 700 2536 quibus
737 2465 790 2517 si
828 2455 1177 2535 quicquam
1217 2475 1533 2534 umquam
1572 2464 1757 2533 pensi
1796 2455 2043 2530 fuisset,
2086 2464 2218 2517 nen
2257 2475 2336 2517 ea
2377 2455 2629 2517 consilia
2661 2452 2723 2515 de

461 2566 529 2619 re
546 2555 809 2635 pflblica
828 2555 1224 2617 habuissent.
1314 2556 1674 2631 Postremo,
1695 2561 1916 2635 patres
1936 2561 2303 2634 censcripti,
2326 2565 2383 2617 si
2401 2553 2723 2618 mehercule

459 2662 730 2736 peccate
768 2656 946 2718 locus
980 2661 1167 2731 esset,
1209 2654 1395 2717 facile
1431 2660 1689 2734 paterer
1725 2664 1843 2717 ves
1878 2655 2022 2734 ipsa
2056 2665 2124 2718 re
2161 2656 2409 2734 corrigi,
2451 2655 2722 2735 quoniam

460 2756 660 2818 verba
691 2754 1124 2819 contemnitis.
1215 2754 1341 2818 Sed
1369 2755 1659 2834 undique
1691 2755 2118 2817 circumventi
2147 2774 2391 2817 sumus
2482 2754 2725 2818 Catilina

526 2935 693 2977 70-72.
728 2932 1009 2976 hostibus:
1041 2931 1283 2985 probably
1306 2931 1403 2976 abl.
1459 2931 1556 2981 (see
1716 2933 1793 2974 83.
1828 2932 2013 2975 necari
2053 2931 2243 2976 iuuit:
2275 2930 2346 2984 by
2386 2931 2546 2975 virtue
2583 2930 2629 2973 ot
2660 2927 2722 2971 his

461 3001 522 3043 A.
547 3002 650 3050 403,
678 3002 720 3049 2.
746 3010 793 3047 c:
827 3000 885 3042 B.
910 3001 1013 3051 218,
1039 3002 1089 3048 6:
1112 3000 1177 3043 H.
1202 3003 1306 3049 474,
1331 3001 1382 3048 3:
1405 2999 1556 3041 H.-B.
1655 2999 1814 3050 patria
1828 3000 2031 3050 potestas
2052 2999 2133 3046 (ct.
2151 2999 2232 3041 ⁸9.
2270 2999 2369 3048 14).

462 3069 567 3115 423,
629 3067 702 3115 b).
771 3066 1165 3117 misereamini,
1220 3066 1553 3109 dimittatis:
1715 3065 1792 3108 85.
1827 3064 2109 3108 videlicet:
2160 3064 2379 3115 ironical,
2429 3076 2482 3108 as
2524 3065 2573 3107 in
2606 3063 2635 3107 l.
2658 3061 2726 3110 753

459 3134 522 3177 cf.
550 3133 635 3177 1v.
665 3135 712 3176 6.
748 3134 823 3176 51.
890 3141 1108 3176 centem
1141 3132 1238 3176 like
1262 3132 1407 3182 credo,
1436 3131 1554 3174 used
1653 3131 1716 3175 cf.
1741 3132 1927 3175 scilicet.
1961 3130 1992 3175 1.
2015 3133 2090 3175 73.
2158 3131 2368 3174 cetera:
2408 3129 2620 3174 ‘earlien’

460 3198 869 3253 parenthetically
901 3202 955 3241 to
982 3199 1258 3251 emphasize
1283 3198 1369 3241 the
1392 3199 1557 3249 irony.
1715 3198 1792 3241 86.
1829 3198 2041 3243 obstat:
2078 3197 2272 3240 ‘stands
2310 3197 2362 3240 in
2403 3198 2489 3241 the
2522 3208 2621 3249 way
2651 3192 2721 3244 01,’

460 3275 555 3311 ne:
591 3266 778 3318 ‘truly.’
849 3266 982 3310 icta:
1006 3266 1129 3308 asin
1152 3264 1193 3309 1.
1222 3265 1267 3311 1.
1294 3267 1337 3308 2.
1428 3273 1559 3307 oon·
1656 3264 1963 3315 ‘precludes.¹

460 3334 672 3377 vortat:
705 3333 972 3386 potentian
1011 3331 1322 3375 intransitive
1336 3331 1467 3374 here.
1715 3332 1791 3374 88.
1825 3330 2061 3374 iterum:
2095 3330 2195 3373 this
2235 3331 2428 3383 implies
2464 3331 2536 3373 his
2569 3327 2724 3377 having

526 3402 599 3443 73.
632 3399 865 3444 scilieet:
915 3400 987 3442 ‘ot
1037 3409 1220 3449 course,
1260 3409 1358 3451 you
1395 3398 1560 3440 claim'
1652 3397 1749 3441 had
1767 3402 1877 3450 part
1897 3398 1946 3440 in
1966 3398 2051 3441 the
2067 3398 2170 3440 first
2190 3399 2492 3450 conspiracy.

463 3467 738 3510 -ironicah
788 3475 874 3509 roz
890 3467 1034 3518 ipsa:
1058 3466 1157 3509 ‘the
1171 3476 1291 3518 very
1304 3465 1558 3509 situation’
1717 3468 1791 3510 92.
1827 3467 2055 3518 nocato
2083 3464 2265 3510 locun:
2306 3466 2448 3508 ‘time
2495 3465 2566 3506 tor
2605 3461 2723 3505 blun-

455 3533 510 3577 in
525 3533 681 3577 which
697 3546 770 3577 we
784 3544 881 3576 are.
1652 3533 1852 3584 del-ing.¹
1937 3533 2015 3577 He
2079 3544 2249 3577 means
2309 3532 2421 3575 that
2472 3532 2553 3574 the
2596 3530 2722 3571 situa-

525 3603 599 3644 74.
632 3601 813 3643 immo
850 3630 862 3643 .
903 3630 916 3643 .
951 3601 1220 3645 maxime:
1254 3601 1472 3652 ‘no,you
1493 3599 1558 3643 do
1652 3601 1756 3643 tion
1790 3601 1831 3643 is
1865 3610 1919 3643 so
1963 3603 2137 3651 urgent
2181 3611 2236 3643 as
2278 3604 2331 3643 to
2373 3597 2577 3642 demand
2613 3593 2719 3644 right

458 3669 561 3711 rear
575 3668 613 3709 it
631 3677 750 3717 very
769 3667 993 3718 greatly)
1653 3667 1814 3709 action
1859 3670 1910 3709 at
1952 3676 2072 3709 once
2130 3666 2212 3715 (cf.
2272 3666 2611 3717 properandum
2654 3659 2718 3706 ed.

524 3733 598 3780 78.
634 3735 708 3775 79.
759 3731 1061 3784 vigilando.
1159 3737 1272 3777 etc.:
1374 3744 1560 3776 meanS.
1652 3732 1801 3782 l.96).
1863 3733 1985 3784 19⁸⁸
2042 3740 2124 3777 re:
2184 3732 2274 3783 ‘by
2317 3742 2438 3784 very
2479 3729 2601 3778 raet:
2646 3726 2718 3776 ‘by

459 3806 717 3851 prospera
779 3825 794 3840 .
856 3826 870 3840 .
931 3826 946 3840 .
1006 3799 1237 3843 cedunt:
1279 3800 1361 3849 ‘go
1411 3798 1557 3847 well;’
1653 3797 2309 3849 experience’—contrasted
2349 3798 2469 3841 with
2509 3797 2638 3844 verba,
2672 3801 2716 3834 ⁸⁸

459 3873 682 3916 prospera
696 3865 737 3905 is
756 3861 1003 3914 predicate
1019 3863 1120 3911 adj.
1653 3865 1804 3908 often.
