2913 4338
265 269 388 333 292
959 273 1107 330 PRO
1168 273 1244 329 Μ.
1301 273 1704 329 MARCELLO
1761 273 2046 329 ORATIO

368 452 589 510 tamen
637 465 716 509 ea
763 447 994 523 vicisti,
1044 466 1212 528 quae
1258 452 1328 510 et
1373 452 1679 510 naturam
1726 452 1797 510 et
1844 445 2305 523 condicionem,
2357 451 2435 509 ut
2483 444 2659 510 vinci

370 551 654 628 possent,
697 544 1046 610 habebant.
1137 545 1332 609 Nulla
1367 551 1469 609 est
1505 546 1680 609 enim
1718 551 1911 611 tanta
1949 554 2067 622 vis,
2108 565 2276 627 quae
2313 555 2448 608 non
2486 545 2659 608 ferro

305 665 337 709 ⁵
368 651 437 708 et
486 645 730 708 viribus
778 644 1103 709 debilitari·
1149 645 1487 726 frangique
1532 645 1757 727 possit.
1846 645 2157 708 Animum
2205 644 2482 721 vincere,
2534 652 2656 708 Ira-

371 744 674 809 cundiam
706 744 1020 821 cohibere,
1055 744 1366 809 victoriae
1397 751 1779 827 temperare,
1814 745 2256 810 adversarium
2288 744 2657 820 nobilitate,

374 843 648 923 ingenio,
684 843 929 907 virtute
959 851 1403 925 praestantem
1436 854 1570 907 non
1603 845 1798 909 modo
1830 844 2136 908 extollere
2169 844 2511 916 iacentem,
2549 844 2663 907 sed

369 944 568 1008 etiam
597 942 988 1024 amplificare
1015 944 1155 1006 eius
1182 945 1524 1024 pristinam
1554 945 1961 1024 dignitatem,
1993 945 2149 1008 haec
2179 952 2293 1024 qui
2319 944 2499 1020 facit,
2531 953 2662 1007 non

371 1063 488 1124 ego
514 1064 664 1106 eum
694 1064 841 1106 cum
869 1052 1139 1106 summis
1166 1043 1320 1107 viris
1347 1054 1673 1124 comparo,
1703 1043 1816 1107 sed
1844 1043 2241 1107 simillimum
2271 1044 2393 1107 deo
2419 1044 2655 1108 iudico.

282 1163 343 1206 10
375 1145 629 1224 Itaque,
691 1144 758 1206 C.
821 1144 1072 1220 Caesar,
1133 1143 1397 1207 bellicae
1458 1149 1613 1207 tuae
1671 1143 1896 1208 laudes
1956 1143 2455 1208 celebrabuntur
2514 1143 2660 1206 illae
2678 1147 2718 1207 9

373 1243 635 1326 quidem
672 1253 804 1306 non
839 1243 1047 1306 solum
1084 1249 1341 1320 nostris,
1379 1243 1494 1306 sed
1528 1263 1735 1324 paene
1771 1243 2062 1308 omnium
2099 1244 2392 1323 gentium
2429 1242 2665 1307 litteris

375 1349 575 1424 atque
609 1342 860 1422 linguis,
901 1363 1016 1406 nec
1054 1343 1185 1405 nlla
1221 1363 1536 1424 umquam
1575 1349 1757 1406 aetas
1793 1343 1875 1406 de
1910 1349 2042 1407 tuis
2097 1343 2401 1406 laudibus
2460 1343 2668 1407 conti-

376 1448 610 1519 cescet3
655 1443 768 1505 sed
803 1449 1027 1505 tamen
1060 1443 1197 1506 eius
1233 1443 1411 1508 modi
1443 1452 1545 1506 res
1590 1443 1802 1506 nescio
1847 1453 1979 1524 quo
2024 1442 2222 1507 modo
2266 1443 2469 1505 etiam
2516 1463 2664 1506 cum

373 1544 694 1623 leguntur,
732 1543 1020 1622 obstrepi
1056 1542 1332 1606 clamore
1369 1543 1654 1606 militum
1691 1543 1996 1606 videntur
2030 1549 2099 1606 et
2134 1544 2447 1606 tubarum
2484 1553 2663 1606 sono.

287 1664 343 1707 ιε
376 1644 466 1707 At
516 1634 681 1706 'vero
738 1662 886 1705 cum
944 1642 1189 1723 aliquid
1250 1642 1616 1719 clementer,
1665 1649 2022 1719 mansuete,
2070 1643 2259 1719 iuste,
2309 1642 2666 1718 moderate,

378 1742 702 1824 sapienter
751 1742 1021 1818 factum,
1075 1742 1144 1804 in
1193 1742 1530 1805 iracundia
1578 1744 1978 1824 praesertim,
2034 1762 2203 1823 quae
2254 1748 2356 1805 est
2405 1742 2672 1804 inimica

378 1842 661 1918 consilio,
687 1848 755 1905 et
777 1842 846 1904 in
868 1842 1161 1919 victoria,
1189 1861 1357 1923 quae
1381 1848 1620 1905 natura
1641 1843 1921 1905 insolens
1943 1847 2011 1905 et
2035 1843 2314 1921 superba
2337 1848 2459 1918 est,
2489 1842 2671 1904 audi-

379 1963 525 2007 mus
568 1949 686 2006 aut
727 1941 1017 2021 legimus,
1063 1951 1195 2022 quo
1237 1941 1456 2005 studio
1499 1942 1904 2004 incendimur
1945 1951 2076 2004 non
2120 1941 2316 2005 modo
2360 1941 2429 2002 in
2472 1948 2672 2021 gestis

376 2044 587 2119 rebuS,
625 2041 738 2105 sed
771 2042 972 2104 etiam
1006 2041 1075 2103 in
1100 2044 1290 2118 fictis,
1318 2046 1395 2103 ut
1418 2050 1530 2103 eos
1553 2038 1764 2121 saepe,
1792 2050 1956 2121 quos
1980 2061 2340 2121 numquam
2362 2041 2669 2118 vidimus,

283 2162 347 2207 20
380 2143 748 2223 diligamus!
832 2141 925 2205 Te
949 2150 1121 2218 vero,
1147 2161 1341 2223 quem
1364 2147 1773 2224 praesentem
1797 2141 2144 2217 intuemur,
2172 2141 2354 2205 cuius
2378 2148 2667 2205 mentem
2694 2142 2765 2206 10

380 2252 733 2323 sensusque
769 2247 839 2305 et
878 2251 950 2306 os
989 2243 1326 2318 cernimus,
1368 2247 1465 2319 ut,
1507 2242 1818 2323 quiequid
1856 2241 2007 2305 belli
2046 2242 2311 2305 fortuna
2347 2242 2674 2323 reliquum

379 2351 478 2407 rei
510 2342 808 2424 publicae
843 2341 1085 2418 fecerit,
1122 2341 1190 2404 id
1212 2361 1350 2405 esse
1383 2342 1640 2404 salvum
1664 2341 1843 2418 velis,
1870 2341 2108 2422 quibus
2130 2341 2435 2405 laudibus
2451 2342 2676 2405 effere-
2731 2391 2744 2398 .

381 2463 552 2518 mus,
591 2441 829 2523 quibus
864 2441 1096 2504 studiis
1129 2450 1614 2522 prosequemur,
1652 2450 1786 2521 qua
1819 2440 2276 2504 benevolentia
2309 2437 2677 2521 conplecte-

381 2545 552 2604 mur!
639 2541 929 2604 Parietes
963 2551 1067 2604 me
1120 2541 1263 2603 dius
1300 2540 1509 2616 fidius,
1557 2545 1633 2603 ut
1674 2540 1833 2602 mihi
1883 2540 2162 2616 videtur,
2216 2540 2408 2603 huius
2461 2542 2676 2605 curiae

454 2734 519 2778 To
549 2734 652 2778 ναῖε
683 2733 812 2778 οποέ
843 2733 986 2786 spirit
1016 2733 1062 2777 is
1091 2734 1267 2785 creater
1296 2731 1412 2777 than
1441 2734 1487 2776 to
1574 2732 1660 2776 felt
1709 2735 2008 2776 resentment
2058 2735 2110 2776 at
2161 2731 2414 2777 Marcellus
2465 2744 2677 2787 appears

383 2803 489 2847 take
514 2813 545 2844 a
569 2802 678 2853 city.
743 2801 837 2844 The
862 2811 969 2852 very
994 2801 1125 2844 wall-s
1149 2801 1258 2852 lona
1281 2801 1326 2843 to
1350 2800 1487 2844 δῆσαι
1574 2801 1701 2842 trom
1717 2800 1765 2844 1.
1799 2802 1853 2843 21
1878 2801 1977 2849 (see
1989 2800 2146 2851 note).

385 2868 462 2914 his
483 2869 685 2920 praises.
1639 2868 1713 2910 18.
1744 2866 1808 2910 ln
1833 2867 2003 2918 :estis
2044 2896 2059 2910 .
2088 2896 2103 2910 .
2132 2895 2147 2910 .
2181 2866 2245 2910 ln
2268 2866 2439 2911 fictis:
2476 2867 2549 2911 ‘ln
2568 2872 2677 2912 acts

450 2932 503 2984 3.
538 2936 584 2978 3.
616 2934 886 2978 naturam
953 2933 1012 2977 et
1075 2931 1488 2977 eonfflaonem:
1574 2931 1724 2985 really
1748 2933 2024 2985 performed
2054 2961 2068 2976 .
2105 2962 2119 2976 .
2157 2962 2172 2976 .
2203 2933 2255 2975 in
2279 2931 2419 2976 those
2442 2933 2563 2987 only
2585 2935 2678 2977 tm-

388 3000 756 3045 ‘euchanature
769 2999 867 3043 and
879 2998 988 3044 lot!
1574 2999 1769 3050 agined’
1790 2999 2104 3051 (asinaplay
2119 3000 2408 3052 orastory).

450 3068 558 3112 5-8.
591 3067 853 3112 animum
894 3095 909 3111 .
946 3094 961 3110 .
997 3094 1013 3110 .
1046 3066 1322 3110 cohibere:
1386 3064 1488 3109 ‘He
1638 3068 1805 3109 20—22.
1839 3066 1920 3109 te:
1984 3065 2147 3115 object
2188 3066 2241 3109 ot
2278 3064 2363 3109 the
2400 3067 2496 3110 last
2538 3070 2678 3110 tnree

386 3134 498 3180 that
526 3132 689 3178 ruleth
716 3132 792 3176 his
820 3133 960 3185 spirit
990 3133 1031 3176 is
1058 3136 1247 3183 greater
1275 3131 1398 3175 than
1425 3130 1487 3175 he
1574 3132 1718 3176 verbs
1743 3133 1795 3175 of
1819 3132 1906 3175 the
1931 3135 2159 3175 sentence
2191 3130 2259 3181 (ll.
2287 3135 2480 3182 22—24).
2548 3133 2680 3177 Note

386 3202 499 3246 that
524 3199 697 3244 taketh
720 3211 751 3243 a
774 3198 911 3252 city!
979 3199 1202 3242 vincere
1228 3227 1244 3242 .
1281 3227 1296 3242 .
1332 3228 1347 3243 .
1370 3206 1490 3241 em-
1576 3199 1661 3242 the
1692 3198 1905 3251 periodic
1939 3202 2184 3241 structure
2217 3200 2270 3242 of
2300 3199 2401 3242 this
2431 3204 2679 3243 sentence.

387 3266 654 3320 punem:
685 3266 964 3319 appositive
983 3269 1037 3309 to
1055 3265 1179 3315 haec,
1200 3263 1234 3309 l.
1266 3266 1314 3310 8.
1378 3265 1490 3309 vle-
1575 3266 1643 3311 ut
1698 3295 1713 3309 .
1750 3295 1764 3309 .
1802 3295 1817 3308 .
1855 3264 2016 3310 velle:
2087 3276 2117 3308 a
2160 3265 2322 3308 clause
2365 3267 2417 3308 ot
2469 3265 2679 3309 indit-eet

390 3334 586 3377 toriae:
681 3334 818 3376 case?
866 3377 870 3380 Α
919 3331 1304 3377 adversarium
1349 3360 1364 3376 .
1412 3361 1426 3376 .
1473 3361 1488 3375 .
1577 3333 1815 3382 question,
1860 3331 2164 3384 explicatory
2207 3333 2259 3375 of
2298 3332 2384 3375 the
2420 3332 2683 3385 preceding

390 3399 793 3452 praestantem:
827 3400 908 3442 ‘an
956 3401 1206 3451 opponent
1255 3398 1491 3449 excening
1576 3399 1815 3443 clause—⁸
1825 3398 1987 3443 whose
2031 3398 2281 3449 thoughts,
2339 3398 2538 3449 teelings
2579 3397 2682 3442 end

292 3505 295 3510 .
386 3466 440 3510 ln
461 3464 607 3516 birth.
629 3465 786 3509 talent
808 3465 907 3508 and
929 3464 1121 3510 worth.’
1186 3465 1489 3509 iacentem:
1577 3465 1719 3509 facile
1754 3466 2033 3518 expression
2062 3476 2134 3508 we
2163 3475 2256 3514 see.
2304 3464 2407 3509 how
2452 3477 2550 3518 you
2598 3465 2687 3509 de-

391 3531 554 3575 ⁸when
569 3533 846 3584 prostrate!
1577 3532 1701 3581 sire?
1730 3536 1824 3576 etc.
1867 3531 2152 3584 reliquum
2205 3560 2220 3576 .
2267 3560 2283 3575 .
2328 3561 2344 3576 .
2399 3531 2593 3576 teuent
2627 3551 2672 3567 =

457 3600 530 3643 13.
563 3599 683 3643 elus
712 3599 865 3643 motu
891 3607 1002 3642 rest
1035 3598 1223 3643 bellicae
1249 3599 1425 3648 lauda.
1454 3596 1489 3642 l.
1575 3598 1829 3650 reliquerit.
1859 3599 1939 3643 rei
1965 3597 2246 3650 publicae:
2295 3598 2531 3651 partitive
2559 3598 2682 3641 with

395 3666 469 3711 10.
534 3666 719 3710 nescio
743 3673 857 3717 quo
881 3665 1071 3709 modo:
1106 3664 1397 3708 ‘somehow’
1427 3664 1490 3714 (Ι.
1576 3664 1814 3716 quiequid.

393 3733 473 3776 18.
507 3732 575 3782 2).
1642 3733 1717 3774 24.
1752 3731 2013 3782 parietes:
2077 3731 2184 3775 ‘the
2209 3742 2330 3784 very
2355 3730 2524 3776 walls!
2590 3740 2685 3775 me

460 3799 531 3841 14.
568 3796 832 3848 obstrepi:
867 3797 942 3840 ‘to
964 3796 1026 3840 be
1048 3795 1282 3840 drowned
1305 3795 1428 3841 out!
1580 3797 1705 3841 <utu
1729 3797 1920 3842 fidius:
1951 3798 2023 3841 ita
2043 3809 2118 3841 me
2138 3799 2254 3842 deus
2277 3799 2424 3845 fidius
2444 3799 2571 3842 iuvet
2599 3799 2688 3842 (ct.

461 3863 533 3905 16.
564 3861 628 3906 ln
662 3862 975 3906 iracundie:
1008 3862 1137 3922 Tbat
1178 3863 1353 3907 Caesar
1390 3862 1489 3906 still
1580 3863 1846 3914 mehercule,
1875 3864 1918 3908 Ι.
1952 3867 2002 3909 ’1.
2038 3865 2140 3915 11);
2173 3866 2289 3909 dem
2312 3866 2461 3918 fidius
2497 3865 2540 3908 ls
2577 3865 2689 3908 ‘the
