2913 4338
286 234 403 298 186
1028 243 1130 296 DE
1190 242 1513 297 IMPERIO
1568 241 1687 298 CN.
1743 239 2030 297 POMPEI

379 418 482 476 est
532 415 838 496 expulsus
889 417 1359 481 Ariobarzanes
1408 426 1544 492 rex,
1600 414 1810 481 socius
1859 416 2086 497 populi
2140 416 2423 480 Romani
2476 423 2682 497 atque

381 522 628 576 amicus
635 534 653 590 ;
688 514 1032 579 imminent
1065 516 1196 579 duo
1230 526 1410 595 reges
1442 522 1571 579 toti
1605 515 1796 579 Asiae
1829 525 1961 578 non
1995 516 2205 578 solum
2241 517 2428 579 vobis
2461 516 2681 579 inimi-

384 612 638 690 cissimi,
680 614 795 677 sed
833 614 1035 678 etiam
1075 620 1309 678 vestris
1347 616 1537 679 sociis
1576 620 1776 696 atque
1816 624 2066 691 amicis3
2108 614 2412 678 civitates
2451 623 2681 679 autem

286 729 349 773 20
382 724 607 777 omnes
637 720 875 777 cuncta
905 715 1061 778 Asia
1091 721 1292 795 atque
1323 714 1595 778 Graecia
1625 720 1917 778 vestrum
1949 714 2265 777 auxilium
2295 722 2681 796 exspectare

380 819 647 894 propter
677 815 946 895 periculi
979 814 1499 893 magnitudinem
1534 820 1856 894 coguntur
1864 834 1881 892 ;
1915 813 2376 895 imperatorem
2412 825 2455 879 ὃ,
2487 817 2681 880 vobis

381 918 630 975 certum
672 914 1035 995 deposcere,
1080 934 1230 978 cum
1271 914 1652 994 praesertim
1694 924 1812 977 vos
1854 913 2054 976 alium
2096 915 2418 990 miseritis,
2464 935 2680 996 neque

380 1012 626 1075 audent
646 1033 857 1093 neque
878 1024 948 1077 se
968 1013 1038 1075 id
1060 1015 1269 1077 facere
1291 1013 1428 1077 sine
1448 1023 1707 1077 summo
1728 1012 2014 1095 periculo
2035 1033 2225 1095 posse
2248 1014 2677 1078 arbitrantur.

379 1112 621 1175 Vident
657 1118 728 1176 et
765 1113 1061 1177 sentiunt
1099 1114 1221 1178 hoc
1261 1112 1455 1191 idem,
1498 1114 1677 1195 quod
1718 1124 1856 1192 VOS,
1899 1123 2105 1177 unum
2147 1113 2361 1176 virum
2402 1134 2561 1190 esse,
2606 1114 2676 1176 in
2702 1116 2780 1175 13

283 1228 346 1272 25
379 1221 510 1292 quo
542 1232 800 1276 summa
831 1212 969 1277 sint
1000 1212 1238 1290 omnia,
1273 1219 1343 1277 et
1372 1232 1526 1276 eum
1557 1218 1825 1294 propter
1855 1232 2013 1291 esse,
2049 1222 2182 1294 quo
2213 1213 2415 1276 etiam
2450 1220 2680 1277 carent

382 1312 656 1391 aegrius;
714 1312 897 1376 cuius
954 1313 1246 1377 adventu
1301 1310 1444 1394 ipso
1502 1318 1703 1394 atque
1759 1313 2041 1389 nomine,
2102 1318 2369 1376 tametsi
2425 1314 2531 1376 ille
2591 1313 2681 1377 ad

376 1412 777 1475 maritimum
831 1413 1075 1477 bellum
1113 1413 1382 1490 venerit,
1421 1417 1648 1478 tamen
1704 1411 1989 1492 impetus
2026 1413 2315 1477 hostium
2350 1423 2680 1493 repressos

376 1530 513 1573 esse
554 1511 940 1592 intellegunt
982 1533 1057 1576 ac
1100 1512 1485 1575 retardatos.
1576 1512 1667 1575 Hi
1710 1521 1847 1588 VOS,
1893 1512 2205 1593 quoniam
2248 1512 2454 1576 libere
2494 1513 2680 1593 loqui

377 1620 508 1673 non
559 1609 729 1688 licet,
767 1612 968 1676 tacite
999 1617 1252 1692 rogant,
1286 1618 1365 1675 ut
1398 1622 1469 1676 se
1501 1631 1762 1693 quoque
1794 1618 1967 1675 sicut
2000 1618 2361 1675 ceterarum
2408 1612 2680 1693 provin-

279 1726 345 1771 30
378 1708 622 1774 ciarum
676 1721 883 1774 socios
938 1711 1165 1791 dignos
1218 1712 1624 1788 existimetis,
1683 1721 1962 1793 quorum
2017 1711 2298 1774 salutem
2352 1712 2474 1774 tali
2530 1712 2677 1775 viro

378 1810 863 1887 commendetiS,
902 1816 1103 1892 atque
1140 1811 1260 1874 hoc
1298 1811 1500 1875 etiam
1537 1811 1761 1892 magis,
1801 1810 1980 1892 quod
2017 1817 2267 1874 ceteros
2301 1811 2370 1873 in
2406 1812 2676 1893 provin-

378 1910 545 1973 ciam
581 1910 719 1973 eius
754 1910 933 1974 modi
968 1910 1261 1975 homines
1297 1931 1446 1975 cum
1485 1911 1758 1991 imperio
1794 1910 2141 1988 mittimuS‚
2165 1916 2262 1987 ut,
2290 1911 2550 1975 etiamsi
2590 1913 2677 1975 ab

375 2010 560 2074 hoste
605 2010 981 2087 defendant,
1029 2017 1253 2074 tamen
1295 2010 1585 2096 ipsorum
1630 2010 1956 2074 adventus
1998 2010 2066 2072 in
2110 2012 2305 2074 urbes
2347 2011 2675 2075 sociorum

375 2120 504 2173 non
538 2111 820 2175 multum
853 2112 937 2175 ab
972 2110 1190 2175 hostili
1220 2110 1702 2192 expugnatione
1736 2109 2043 2174 differant
2051 2130 2069 2189 ς
2103 2110 2275 2176 hunc
2310 2111 2677 2176 audiebant

279 2228 343 2271 35
376 2216 590 2287 antea,
626 2230 800 2277 nunc
832 2216 1240 2292 praesentem
1275 2210 1505 2274 vident
1537 2216 1730 2274 tanta
1762 2211 2219 2290 temperantia,
2256 2217 2451 2274 tanta
2485 2221 2676 2274 man-

375 2311 738 2387 suetudine,
771 2316 964 2374 tanta
1009 2309 1438 2387 humanitate,
1490 2315 1569 2372 ut
1612 2310 1659 2371 ii
1704 2310 2065 2373 beatissimi
2110 2329 2248 2372 esse
2295 2310 2673 2389 videantur,

375 2410 551 2489 apud
579 2419 742 2490 quos
771 2410 874 2472 ille
905 2409 1265 2472 diutissime
1293 2415 1750 2473 commoratur.

438 2704 513 2745 2ο.
549 2703 754 2746 cuncta
776 2702 928 2746 Asia:
967 2701 1198 2745 cunctais
1216 2701 1338 2746 used
1357 2701 1475 2755 only

371 2767 488 2810 here
538 2768 749 2812 without
801 2769 872 2819 in,
926 2768 1086 2811 which
1138 2769 1180 2811 is
1230 2768 1475 2821 regularly

371 2834 582 2878 omitted
618 2834 739 2878 with
772 2836 869 2879 tota
901 2835 1004 2878 and
1039 2835 1320 2888 frequently
1353 2835 1476 2879 with

370 2912 518 2945 cmm.

436 2970 510 3018 22,
532 2970 607 3013 23.
643 2969 887 3013 certum:
984 2967 1307 3021 ‘particulam’
1386 2968 1477 3012 de-

372 3042 614 3086 poscere:
670 3034 904 3078 ‘demand
931 3035 1145 3087 openly,’
1174 3035 1225 3078 in
1252 3038 1472 3078 contrast

370 3104 425 3144 to
464 3103 601 3145 tacite
639 3102 818 3154 ronam,
859 3101 893 3145 1.
937 3104 1012 3145 29.
1084 3102 1206 3145 sine
1245 3109 1475 3145 summo

1562 2701 1657 2746 end
1695 2702 1748 2745 of
1783 2701 1861 2746 ch.
1903 2704 1961 2745 12
2005 2700 2075 2751 (ll.
2116 2700 2312 2751 44-47).
2383 2709 2498 2753 quo
2540 2730 2556 2746 .
2600 2731 2615 2747 .
2650 2731 2677 2757 ρ

1561 2769 1807 2821 aeguum
1884 2768 1971 2810 ‘on
2008 2769 2221 2811 account
2259 2767 2311 2810 oi
2347 2767 2511 2810 which
2547 2768 2676 2822 they

1563 2847 1645 2880 are
1670 2835 1757 2880 the
1780 2845 1917 2878 more
1940 2834 2203 2885 indignant
2228 2837 2283 2877 at
2309 2832 2500 2886 having
2524 2838 2581 2879 to
2607 2835 2676 2878 do

1562 2901 1771 2945 without
1798 2901 1937 2945 him.'
1996 2900 2143 2953 ipso:
2201 2900 2388 2945 ‘mere'

1624 2969 1792 3012 29-31.
1828 2968 1896 3012 ut
1923 2996 1939 3012 .
1966 2996 1981 3011 .
2009 2996 2024 3011 .
2048 2968 2484 3013 commendetis:
2533 2968 2673 3013 'that

1561 3045 1660 3086 you
1687 3034 1909 3077 consider
1935 3033 2090 3084 them,
2120 3045 2176 3077 as
2203 3034 2311 3078 well
2338 3046 2393 3078 as
2420 3035 2508 3078 the
2534 3035 2675 3079 allies

1561 3101 1612 3143 or
1637 3100 1723 3144 the
1745 3100 1887 3143 other
1911 3100 2184 3153 provinces,
2210 3100 2406 3154 worthy
2429 3101 2543 3145 that
2570 3113 2673 3154 you

370 3167 637 3220 periculo:
687 3169 782 3219 i.e.,
810 3169 863 3211 ot
888 3169 1122 3220 angering
1148 3168 1348 3211 Glabrio
1372 3166 1473 3211 and

372 3233 616 3285 Lucullus,
647 3235 758 3278 who
786 3245 914 3279 were
942 3234 1041 3277 still
1070 3235 1123 3278 in
1152 3234 1284 3278 Asia.

434 3303 602 3345 24-26.
636 3301 767 3346 hoc:
848 3301 1109 3353 explained
1149 3301 1220 3354 by
1259 3303 1362 3345 two
1398 3300 1475 3344 in-

368 3367 559 3412 finitive
598 3368 786 3412 clauses
827 3367 939 3412 that
982 3367 1160 3413 follow.
1231 3368 1295 3412 ln
1337 3397 1352 3412 .
1396 3395 1413 3411 .
1456 3396 1473 3411 .

372 3436 585 3478 omnia:
643 3434 774 3478 ‘who
802 3445 1044 3488 possessas
1072 3434 1136 3477 all
1167 3433 1394 3484 qualities
1419 3435 1471 3477 in

336 3538 339 3541 Α
368 3499 456 3544 the
479 3500 670 3552 highest
700 3501 908 3553 degree.'
968 3502 1216 3553 propter:
1268 3502 1469 3551 adverb,

371 3566 521 3610 ‘close
540 3572 592 3611 at
614 3567 782 3611 hand.’
838 3568 1057 3620 Pompey
1078 3568 1177 3610 had
1198 3567 1322 3611 been
1342 3579 1474 3610 com-

367 3633 631 3677 missioned
661 3635 713 3678 in
746 3637 806 3679 67
839 3638 893 3678 to
925 3635 1254 3678 exterminate
1285 3634 1471 3687 piracy,

367 3700 469 3742 and
495 3712 595 3743 was
621 3712 730 3745 now
755 3701 807 3744 in
834 3701 919 3744 the
944 3704 1067 3745 east.
1128 3700 1230 3744 The
1253 3700 1473 3753 rapidity

366 3767 420 3809 ot
446 3766 523 3810 his
552 3778 793 3811 successes
820 3767 1013 3818 against
1042 3768 1128 3811 the
1154 3767 1353 3820 pirates.
1383 3767 1474 3809 bel-

366 3833 469 3876 lum
495 3835 804 3884 maritimum,
833 3833 866 3877 1.
889 3836 964 3884 27,
985 3834 1027 3877 is
1053 3833 1279 3888 pictured
1305 3837 1358 3876 at
1387 3833 1474 3877 the

1561 3166 1737 3210 should
1776 3167 1959 3210 intrust
2003 3166 2132 3210 their
2173 3169 2337 3219 safety
2378 3171 2432 3210 to
2474 3168 2599 3212 such
2641 3179 2675 3211 a

1561 3233 1712 3278 man.'
1773 3234 1868 3278 For
1893 3233 2041 3277 mood
2068 3234 2122 3278 ot
2146 3235 2477 3277 commendetis
2502 3245 2583 3278 see
2610 3236 2675 3279 A.

1562 3303 1667 3351 535,
1713 3301 1755 3351 f:
1799 3301 1857 3345 Β.
1904 3303 2009 3350 282.
2057 3301 2109 3350 3;
2154 3301 2219 3344 Η.
2266 3303 2374 3351 591.
2421 3302 2471 3351 7;
2517 3301 2676 3347 Η.-Β.

1561 3369 1666 3417 513.
1702 3367 1749 3411 3.
1814 3369 2048 3412 ceteros:

1564 3435 1635 3478 ‘in
1664 3433 1730 3478 all
1759 3434 1901 3478 other
1930 3433 2099 3478 cases!

1623 3503 1793 3545 32—34.
1829 3501 1900 3544 ab
1938 3501 2100 3546 hoste
2137 3501 2471 3547 detondant:

2112 3370 2176 3412 tr.
2209 3378 2266 3411 as
2295 3367 2336 3412 it
2364 3379 2431 3411 an
2460 3366 2673 3418 adverb.

2547 3501 2676 3545 ‘tur-

1560 3569 1671 3612 nish
1698 3568 1976 3621 protection
2004 3568 2197 3619 against
2228 3569 2315 3612 the
2342 3568 2555 3621 enemy‚’
2585 3568 2676 3612 the

1560 3635 1680 3679 verb
1720 3634 1867 3686 being
1905 3634 2027 3678 used
2066 3634 2345 3687 absolutely
2392 3636 2475 3683 (ci.
2516 3636 2570 3679 8.
2614 3635 2674 3679 17

1560 3701 1659 3744 and
1705 3701 1802 3745 111.
1850 3701 1930 3744 10.
1981 3703 2078 3752 14).
2154 3701 2219 3746 ln
2264 3701 2454 3745 urben:
2544 3699 2675 3745 with

1560 3769 1800 3812 adventus.
1862 3767 2054 3812 hostili
2080 3767 2528 3821 expugnatione:
2582 3766 2676 3814 ‘an

1559 3833 1732 3877 attack
1764 3834 1910 3878 made
1941 3835 2009 3887 by
2041 3846 2106 3878 an
2138 3832 2349 3887 enemy)
