2913 4338
327 255 451 317 403
1190 232 1493 313 BELLUM
1550 254 1954 309 CATILINAE

427 431 700 508 brogum
747 429 1097 492 comitatus
1143 428 1649 509 deprehendant.
1741 429 1904 490 Rem
1951 446 2209 490 omnem
2257 426 2486 506 aperit,
2533 426 2684 489 cuius

366 549 397 591 5
428 529 639 609 gratia
680 529 1139 606 mittebantur;
1183 535 1414 604 cetera,
1461 536 1561 590 uti
1601 529 1779 590 facte
1820 547 1984 606 opus
2025 526 2129 601 sit,
2174 526 2269 589 ita
2313 533 2528 604 agant,
2570 545 2685 605 per-

429 629 655 692 mittit.
744 629 865 705 Illi,
922 628 1213 691 homines
1264 629 1594 703 militareS,
1649 628 1785 689 sine
1837 626 2129 691 tumultu
2180 624 2515 706 praesidiis
2564 646 2686 697 con-

426 729 673 805 locatis,
744 735 936 791 sicuti
1002 735 1423 809 praeceptum
1493 734 1653 803 erat,
1725 727 1975 791 occulte
2042 732 2312 808 pontem
2384 725 2681 789 obsidunt.

429 831 787 908 Postquam
832 827 918 891 ad
960 827 1029 890 id
1071 828 1195 892 loci
1238 828 1433 907 legati
1480 848 1627 891 cum
1671 827 2005 890 Volturcie
2050 830 2368 889 venerunt
2414 832 2481 889 et
2524 825 2685 887 simul

427 930 757 1009 utrimque
803 928 1044 992 clamor
1090 934 1354 992 exortus
1400 934 1520 1004 est,
1571 927 1738 991 Galli
1785 928 1914 991 cito
1962 926 2221 1007 cognite
2269 926 2531 990 censilio
2573 925 2684 986 sine

336 1050 397 1092 ιο
428 1038 610 1094 more
670 1029 1077 1110 praeteribus
1138 1039 1207 1092 se
1269 1028 1561 1104 tradunt,
1628 1027 1997 1092 Volturcius
2058 1035 2270 1107 prime
2333 1027 2681 1090 cohortatus

429 1135 675 1193 ceteres
712 1128 925 1209 gladio
963 1138 1031 1192 se
1071 1139 1111 1192 e
1149 1127 1570 1191 multitudine
1610 1127 1917 1203 defendit,
1960 1126 2210 1202 deinde,
2252 1126 2366 1190 ubi
2407 1136 2447 1188 a
2485 1126 2682 1205 legatis

428 1229 716 1292 desertus
748 1235 866 1304 est,
903 1229 1113 1292 multa
1142 1228 1320 1310 prius
1352 1228 1432 1290 de
1473 1227 1680 1290 salute
1719 1236 1837 1289 sua
1876 1227 2294 1306 Pomptinum
2334 1227 2681 1298 obtestatus»,

429 1328 606 1409 quod
645 1337 704 1391 ei
742 1335 940 1391 netus
978 1335 1140 1404 erat,
1182 1334 1515 1409 postreme
1554 1326 1825 1389 timidus
1864 1346 1939 1389 ac
1980 1332 2157 1388 vitae
2197 1325 2499 1389 diffidens
2535 1324 2685 1386 velut

427 1427 727 1492 hostibus
756 1418 1330 1510 sese'praeteribus
1361 1427 1561 1489 dedit.

506 1528 612 1593 46.
660 1528 912 1604 Quibus
983 1530 1176 1592 rebus
1250 1525 1561 1589 cenfectis
1634 1526 1853 1592 omnia
1924 1536 2196 1609 propere
2268 1546 2385 1607 per
2457 1525 2685 1588 ni‘mties

426 1627 675 1692 censuli
740 1627 1167 1691 declarantur.
1294 1628 1386 1690 At
1449 1626 1631 1688 illum
1696 1626 1921 1705 ingens
1985 1634 2140 1688 cura
2206 1632 2408 1705 atque
2471 1624 2685 1687 laetitia

426 1728 619 1792 simul
662 1737 1077 1809 occupavere.
1181 1727 1352 1789 Nam
1389 1726 1784 1789 laetabatur
1842 1725 2219 1805 intellegens
2280 1726 2684 1790 coniuratione

426 1828 764 1910 patefacte
836 1828 1171 1890 civitatem
1244 1826 1543 1907 periculis
1614 1832 1906 1906 ereptam
1987 1845 2143 1901 esse,
2224 1835 2419 1906 porro
2498 1832 2683 1888 autem

360 1947 400 1984 ε
430 1927 662 1991 anxius
698 1933 841 1990 erat
879 1927 1206 2003 dubitans,
1247 1926 1316 1988 in
1351 1935 1664 1988 maxumo
1699 1925 1933 1988 scelere
1969 1918 2174 1988 tantis
2211 1926 2463 1988 civibus
2497 1925 2684 2004 depre-

429 2028 644 2090 hensis
672 2027 829 2107 quid
859 2027 1037 2089 facte
1065 2046 1229 2106 opus
1257 2032 1452 2089 esset:
1496 2046 1775 2106 poenam
1804 2025 2060 2088 illerum
2087 2025 2211 2088 sibi
2239 2034 2436 2101 oneri,
2467 2022 2684 2104 inpuni-

430 2133 637 2192 tatem
666 2126 1043 2209 perdundae
1069 2135 1162 2190 rei
1188 2126 1487 2208 publicae
1516 2127 1652 2189 fore
1681 2125 2004 2189 credebat.
2095 2125 2306 2206 Igitur
2333 2126 2685 2189 cenfirmete

429 2228 647 2291 anime
705 2236 925 2292 vocari
983 2228 1068 2290 ad
1125 2237 1263 2291 sese
1319 2227 1504 2290 iubet
1562 2225 1911 2289 Lentulum
1972 2226 2329 2306 Cethegum
2391 2225 2683 2290 Statilium

428 2328 778 2391 Gabinium
818 2328 1106 2408 itemque
1145 2327 1529 2407 Caeparium
1568 2327 2114 2402 Terracinensem,
2157 2335 2272 2406 qui
2309 2326 2379 2388 in
2419 2324 2681 2406 Apuliam

339 2447 397 2489 ιο
430 2426 515 2490 ad
569 2427 958 2490 concitanda
1010 2427 1275 2489 servitia
1328 2428 1646 2508 proficisci
1698 2427 1997 2506 parebat.
2087 2427 2298 2490 Ceteri
2351 2413 2485 2488 sine
2536 2429 2682 2485 more

430 2528 723 2603 veniunt,
766 2527 1132 2607 Caeparius,
1173 2527 1371 2607 paule
1409 2532 1564 2589 ante
1604 2526 1798 2589 dome
1836 2535 2146 2605 egressuS,
2188 2526 2449 2605 cognite
2485 2521 2683 2586 indicis>

426 2647 511 2689 ex
568 2628 726 2689 urbe
785 2627 1178 2706 profugerat.
1268 2625 1507 2690 Censul
1568 2626 1938 2700 Lentulum,
2001 2626 2180 2705 quod
2238 2632 2497 2706 praetor
2549 2625 2679 2694 erat,

429 2727 565 2806 ipse
594 2736 793 2789 manu
822 2733 1050 2789 tenens
1078 2726 1147 2787 in
1174 2733 1476 2788 senatum
1505 2724 1823 2805 perducit,
1853 2725 2136 2805 reliques
2165 2746 2315 2788 cum
2346 2723 2682 2789 custedibus

426 2827 495 2888 in
515 2826 740 2888 aedem
761 2825 1154 2892 Concordiae
1176 2835 1393 2887 venire
1414 2826 1617 2889 iubet.
1708 2826 1805 2887 Εό
1825 2830 2129 2887 senatum
2153 2825 2438 2888 advocat
2459 2828 2684 2901 magna-

429 3048 687 3092 innldias:
760 3048 849 3099 ‘by
883 3047 1129 3090 ambush.'
1200 3049 1372 3091 Forces
1407 3060 1532 3091 were
1692 3052 1764 3092 13.
1798 3048 1950 3100 quod
1979 3078 1994 3092 .
2023 3078 2038 3093 .
2068 3077 2082 3092 .
2107 3049 2253 3092 erat:
2301 3049 2401 3092 real
2425 3060 2477 3091 or
2496 3038 2679 3094 assigned

432 3114 677 3157 stationed
700 3126 765 3157 on
788 3114 911 3157 both
934 3114 1061 3156 sides
1082 3115 1133 3156 of
1155 3114 1240 3157 the
1262 3115 1407 3165 river,
1432 3115 1531 3157 and
1624 3117 1824 3159 reason?
1875 3116 2051 3159 vitae:
2093 3116 2156 3159 cf.
2179 3116 2345 3165 alieni,
2371 3118 2418 3159 5.
2441 3118 2481 3158 7.

435 3180 592 3222 closed
633 3179 683 3222 in
724 3191 789 3223 on
831 3180 915 3223 the
956 3181 1189 3223 travelers
1228 3181 1370 3224 when
1410 3182 1532 3233 they

433 3256 557 3289 were
586 3246 730 3298 fairly
761 3256 825 3288 on
856 3247 940 3289 the
970 3246 1155 3296 bridge.
1694 3249 1788 3291 The
1838 3248 2047 3291 concul's
2096 3248 2336 3292 dilemma.
2427 3247 2513 3289 The
2556 3241 2682 3286 sena&

495 3314 541 3355 5.
575 3313 687 3356 uti:
730 3311 840 3355 ‘asss
895 3312 1023 3364 Why
1044 3314 1086 3356 is
1106 3313 1169 3356 sit
1189 3314 1534 3365 subjunctive?
1625 3315 1771 3358 called
1792 3316 1838 3358 to
1860 3315 2073 3358 consider
2093 3314 2167 3357 the
2191 3314 2419 3358 evidence.

435 3377 563 3421 Note
600 3378 685 3421 the
722 3379 953 3422 omission
990 3380 1042 3423 ot
1078 3380 1131 3424 ut
1166 3380 1334 3424 before
1371 3382 1532 3432 avant.
1691 3378 1781 3430 46.
1818 3383 1863 3424 4.
1889 3389 2075 3431 porro:
2111 3381 2198 3422 ‘on
2222 3380 2309 3424 the
2332 3380 2470 3424 other
2489 3371 2632 3421 hand!

431 3442 608 3488 tacto:
662 3444 727 3490 cf.
756 3447 837 3488 43.
870 3448 943 3490 17.
1690 3450 1736 3492 7.
1770 3447 2093 3498 perdundae
2126 3448 2206 3491 rel
2243 3448 2513 3501 publicae:
2573 3447 2682 3485 same

495 3512 542 3555 8.
574 3510 706 3556 1001:
764 3512 1000 3564 partitive
1035 3514 1133 3562 (see
1163 3515 1221 3558 A.
1252 3516 1360 3564 346.
1392 3516 1443 3564 3:
1475 3515 1533 3557 Β.
1626 3513 1963 3559 construction
1991 3524 2046 3557 as
2073 3514 2226 3564 oneri:
2254 3515 2416 3559 what?

434 3579 546 3627 201,
574 3579 625 3627 2;
653 3577 718 3621 H.
748 3581 860 3627 441;
888 3579 1035 3623 H.-B.
1063 3580 1196 3630 346).
1688 3581 1734 3624 8.
1769 3580 1954 3623 vocari
1982 3609 1997 3624 .
2025 3610 2040 3625 .
2068 3609 2084 3625 .
2105 3581 2290 3626 iubett
2337 3582 2399 3625 cf.
2423 3579 2512 3623 111.
2532 3579 2570 3622 ⁸-
2596 3572 2679 3617 4-9·

501 3645 574 3688 12.
610 3644 794 3688 multa
822 3673 836 3688 .
865 3674 879 3688 .
906 3673 919 3688 .
945 3646 1283 3690 obtestatus:
1329 3647 1536 3698 ‘having
1691 3649 1766 3697 14,
1807 3649 1880 3690 15.
1914 3648 2113 3691 aedem
2149 3648 2497 3692 concordiae:
2551 3642 2681 3686 where

435 3707 676 3759 besought
724 3710 1015 3761 Pomptinus
1065 3712 1225 3762 (with)
1273 3723 1536 3755 numerous
1627 3713 1713 3757 the
1745 3718 1915 3757 senate
1946 3725 2046 3757 was
2078 3717 2132 3757 to
2164 3720 2295 3759 meet
2330 3716 2437 3759 that
2468 3714 2554 3763 day
2586 3703 2678 3756 (111-

436 3774 671 3825 appeais!
741 3775 1064 3826 Pomptimum
1101 3777 1141 3820 is
1178 3777 1331 3821 direct
1369 3779 1536 3829 object
1627 3782 1678 3825 9.
1721 3780 1820 3831 11).
1893 3788 2108 3832 magna
2144 3780 2483 3833 frequentia:
2553 3775 2683 3817 where

437 3846 536 3882 ano
564 3841 714 3882 multa
739 3846 945 3890 cognate
975 3843 1057 3885 (cf.
1083 3844 1165 3886 2⁸1.
1196 3845 1294 3896 11).
1628 3845 1776 3897 being
1814 3857 1847 3890 a
1886 3845 2021 3899 large
2061 3846 2531 3893 attendance’dbl.
2568 3841 2682 3884 abso-
