2913 4338
250 287 371 354 196
992 290 1095 345 DE
1156 290 1477 345 IMPERIO
1533 289 1651 346 CN.
1707 289 1990 345 POMPEI

347 466 558 547 perus,
587 475 719 528 non
762 465 1224 530 offensionibus
1261 461 1432 541 belli,
1462 464 1576 527 sed
1611 465 1919 543 victoriis,
1966 475 2098 529 non
2132 467 2492 548 stipendiis,
2530 466 2653 532 sed

349 566 695 647 triumphis
729 572 831 630 est
867 566 1140 630 erudita.
1251 564 1444 642 Quod
1483 565 1760 647 denique
1794 586 1999 646 genus
2034 586 2171 629 esse
2208 567 2359 630 belli
2397 573 2647 648 potest,

250 683 316 728 25
348 667 416 742 in
476 676 608 748 quo
667 666 850 729 illum
911 676 1043 730 non
1101 666 1462 729 exercuerit
1522 665 1788 732 fortuna
1846 675 1940 729 rei
1999 667 2335 748 publicae?
2421 668 2648 745 Civile,

348 756 745 843 Africanum,
785 766 1305 846 Transalpinum‚
1349 766 1779 847 Hispaniense
1819 767 2103 831 mixtum
2142 787 2225 830 ex
2264 766 2652 831 civitatibus

350 876 548 948 atque
574 888 656 930 ex
680 866 1177 930 bellicosissimis
1202 866 1598 944 nationibus,
1627 867 1876 944 servile,
1907 867 2141 931 navale
2168 867 2431 944 bellum,
2461 866 2652 931 varia

350 973 418 1030 et
457 968 710 1031 diversa
749 988 983 1047 genera
1022 972 1089 1030 et
1126 968 1442 1031 bellorum
1481 972 1550 1030 et
1589 967 1875 1051 hostium
1916 977 2049 1028 non
2089 967 2298 1030 solum
2336 972 2523 1046 gesta
2562 969 2650 1030 ab

350 1069 468 1130 hoc
504 1077 654 1144 sino,
691 1068 802 1129 sed
856 1066 1055 1130 etiam
1109 1067 1405 1130 confecta
1437 1067 1684 1130 nullam
1715 1087 1853 1129 rem
1886 1087 2024 1129 esse
2059 1066 2391 1130 declarant
2421 1066 2493 1127 in
2523 1075 2652 1129 fissi

250 1182 317 1229 30
349 1167 633 1249 positam
664 1166 948 1244 militari,
981 1187 1149 1247 quae
1177 1167 1370 1230 huius
1398 1167 1522 1229 viri
1550 1166 1888 1230 scientiam
1921 1166 2140 1245 fugere
2168 1165 2393 1247 possit.

432 1268 537 1332 11.
584 1266 728 1330 Iam
756 1275 911 1330 vero
938 1266 1169 1330 virtuti
1196 1269 1309 1330 Cn.
1340 1268 1612 1346 Pompei
1638 1288 1804 1347 quae
1831 1271 2053 1348 potest
2081 1266 2290 1329 oratio
2314 1276 2437 1347 par
2460 1266 2650 1329 inve·
2667 1269 2762 1330 29

349 1370 508 1429 niri?
593 1366 766 1443 Quid
820 1373 939 1444 est,
995 1367 1172 1448 quod
1226 1366 1573 1447 quisquam
1628 1370 1747 1428 aut
1798 1365 1907 1428 illo
1962 1364 2231 1445 dignum
2286 1371 2404 1428 aut
2457 1368 2652 1430 vobis

350 1487 595 1529 novum
642 1472 759 1529 aut
806 1466 1107 1547 cuiquam
1153 1466 1526 1529 inauditum
1570 1466 1779 1547 possit
1824 1465 2112 1528 adferre?
2196 1464 2425 1546 Neque
2470 1466 2649 1528 enim

349 1565 493 1628 illae
527 1571 683 1628 sunt
715 1566 889 1628 solae
923 1566 1203 1629 virtutes
1237 1565 1693 1646 imperatoriae
1728 1585 1897 1646 quae
1931 1565 2128 1645 vulgo
2161 1566 2648 1642 existimantur,

282 1682 321 1740 57
347 1664 529 1729 labor
574 1665 643 1727 in
689 1666 990 1744 negotiis,
1041 1664 1360 1729 fortitudo
1406 1664 1474 1726 in
1520 1664 1838 1745 periculiS,
1886 1665 2209 1735 industria
2252 1665 2323 1726 in
2370 1666 2645 1744 agendo,

349 1765 642 1829 celeritas
689 1764 758 1826 in
802 1764 1218 1840 conficiendo,
1267 1764 1606 1827 consilium
1650 1763 1719 1825 in
1762 1763 2187 1844 providendo,
2236 1760 2405 1845 quae
2450 1770 2650 1828 tanta

347 1871 503 1929 sunt
549 1865 619 1926 in
667 1864 789 1928 hoc
839 1872 989 1941 finc'),
1036 1870 1287 1945 quanta
1335 1864 1403 1952 in
1452 1864 1756 1928 omnibus
1804 1864 2067 1945 reliquis
2114 1863 2643 1943 imperatoribuS,

347 1975 510 2046 quos
533 1971 651 2028 aut
673 1963 954 2027 vidimus
978 1968 1096 2027 aut
1119 1963 1507 2041 audivimus,
1533 1973 1665 2026 non
1688 1964 1971 2026 fuerunt.
2058 1963 2271 2026 Testis
2292 1969 2394 2026 est
2416 1953 2640 2041 Italia,
2664 1967 2756 2029 30

348 2085 547 2145 quam
573 2064 678 2134 ille
704 2063 841 2144 ipse
868 2063 1078 2128 victor
1105 2064 1175 2125 L.
1207 2063 1383 2127 Sulla
1409 2063 1603 2125 huius
1633 2062 1875 2126 virtute
1900 2069 1970 2126 et
1995 2063 2284 2127 subsidio
2311 2064 2650 2126 confessus

257 2182 318 2227 io
351 2171 450 2228 est
487 2163 857 2241 liberatam3
895 2163 1082 2227 testis
1119 2168 1220 2227 est
1258 2162 1490 2239 Sicilia,
1532 2184 1732 2246 quam
1771 2162 1996 2226 multis
2032 2162 2321 2245 undique
2360 2168 2649 2227 cinctam

346 2264 643 2345 periculis
696 2274 827 2326 non
882 2269 1125 2326 terrore
1176 2263 1347 2341 belli,
1404 2263 1520 2326 sed
1574 2263 1821 2326 consilii
1874 2264 2205 2331 celeritate
2258 2262 2648 2344 explicavit;

346 2422 494 2475 plied,
523 2422 568 2464 Ἰ
595 2422 723 2464 have
747 2420 918 2464 servcd
961 2420 1040 2470 all,
1067 2420 1166 2463 and
1189 2420 1254 2464 all
1292 2420 1449 2464 under

346 2499 434 2541 my
456 2499 567 2532 own
589 2499 815 2540 supreme
839 2487 1136 2533 command.’
1192 2487 1449 2533 ostensio-

346 2556 539 2600 nibus:
593 2566 648 2599 as
674 2555 727 2598 in
755 2556 807 2600 9.
836 2557 913 2599 46.

411 2625 585 2667 25-27.
616 2621 809 2666 civile:
864 2622 1057 2673 against
1087 2621 1257 2672 cluna,
1288 2621 1449 2666 Carbo

345 2689 446 2733 and
498 2688 725 2742 Lepidus.
811 2687 1166 2733 mannum:
1264 2688 1317 2731 in
1366 2691 1446 2740 81,

346 2756 537 2807 against
568 2756 653 2799 Cn.
686 2755 934 2798 Domitius
962 2753 1319 2798 Ahenobarbus
1346 2753 1448 2798 and

346 2823 433 2865 the
458 2822 723 2865 Numidiam
748 2821 866 2872 king
891 2821 1079 2866 Iarbas,
1137 2820 1450 2873 Transalpi-

345 2897 514 2933 num:
562 2889 682 2932 with
709 2887 864 2931 Gallie
890 2887 1042 2931 tribes
1067 2899 1131 2931 on
1157 2886 1233 2930 his
1255 2900 1367 2940 way
1392 2892 1449 2932 to

345 2956 513 3008 Spain.
568 2955 958 3007 Hispaniense:
1003 2955 1056 2998 in
1080 2954 1230 3005 Spain
1252 2955 1445 3005 against

346 3021 628 3065 Sertorius's
665 3032 820 3073 army,
862 3023 1023 3065 76-71.
1095 3022 1344 3065 mixtum
1380 3030 1449 3064 ex

349 3116 367 3132 .
398 3117 414 3133 .
446 3117 461 3133 .
489 3088 838 3132 nationIbus:
894 3088 1087 3138 against
1118 3088 1272 3131 forces
1298 3087 1446 3131 made

345 3165 415 3206 up
469 3154 905 3206 indiscriminately
961 3154 1014 3197 of
1070 3154 1290 3198 Romans
1345 3153 1446 3197 and

346 3225 476 3264 most
521 3221 717 3265 warlike
761 3222 932 3265 native
979 3221 1145 3266 tribes.
1223 3220 1446 3265 servile}

347 3298 413 3329 on
449 3286 524 3329 his
559 3299 669 3339 way
704 3286 832 3330 back
870 3289 997 3330 from
1035 3288 1186 3340 Spain
1225 3288 1446 3340 Pompey

348 3357 448 3396 met
475 3353 573 3396 and
599 3353 825 3397 defeated
853 3356 994 3404 5,000
1021 3354 1179 3397 slaves
1205 3355 1331 3397 from
1358 3353 1445 3398 the

348 3429 489 3471 army
514 3421 565 3463 of
592 3420 872 3471 Spartacus.
935 3419 1157 3465 navale:
1210 3420 1330 3463 with
1358 3420 1445 3464 the

348 3486 543 3538 pirates,

413 3553 487 3595 29.
521 3553 797 3597 conlecta:
889 3554 1124 3605 ‘brought
1170 3557 1225 3598 to
1270 3565 1299 3597 a
1343 3555 1446 3596 vic-

348 3618 534 3662 torious
560 3619 688 3665 end!
750 3629 890 3665 esse:
947 3621 1041 3665 ‘ia’

411 3751 592 3795 Second
613 3753 1152 3803 subdivision—Virtua
1183 3754 1414 3805 §529-42.

414 3815 505 3867 11.
542 3821 582 3863 1.
616 3819 741 3862 Iam
814 3828 968 3866 vero:
1032 3821 1151 3863 'and
1221 3820 1448 3872 further‚’

349 3886 574 3937 marking
603 3896 632 3928 a
663 3887 925 3930 transition
955 3891 1009 3932 to
1039 3899 1070 3931 a
1100 3898 1235 3931 more
1265 3888 1448 3940 impor-

1537 2425 1649 2464 tant
1677 2423 1835 2474 point.
1897 2422 2124 2466 virtuti:
2178 2432 2233 2464 as
2258 2421 2311 2464 in
2340 2423 2421 2465 10.
2453 2425 2511 2466 10
2538 2423 2645 2467 and

1536 2489 1585 2532 1.
1614 2491 1691 2533 27.
1752 2488 1954 2532 ortuo:
2010 2487 2335 2532 'statement.'

1598 2558 1640 2605 4.
1663 2557 1710 2600 5.
1743 2554 1873 2599 mae
1913 2584 1929 2599 .
1969 2584 1985 2598 .
2026 2583 2041 2599 .
2077 2553 2495 2606 imperatorne:
2566 2569 2646 2601 we

1533 2621 1711 2664 should
1736 2626 1912 2673 expect
1940 2622 2104 2665 Cicero
2130 2625 2183 2664 to
2209 2633 2270 2672 go
2294 2632 2360 2664 on
2384 2624 2515 2666 atter
2539 2623 2645 2666 this

1532 2692 1763 2732 sentence
1792 2688 1861 2740 by
1891 2688 2067 2740 saying
2095 2689 2177 2731 sed
2204 2688 2331 2731 aliae
2358 2690 2473 2732 sunt
2503 2700 2646 2740 prae-

1531 2755 1654 2798 terea
1690 2755 1885 2797 virtutes
1920 2754 2273 2805 imperatoriae:
2310 2754 2411 2797 this
2447 2755 2559 2799 idea
2598 2757 2645 2800 is

1533 2820 1768 2872 deterred‚
1802 2820 2043 2870 however,
2077 2824 2130 2863 to
2161 2820 2239 2864 ch.
2272 2822 2350 2872 1⁸.
2384 2821 2485 2864 and
2516 2822 2644 2867 then

1533 2887 1685 2931 taken
1720 2898 1789 2939 up
1824 2886 1877 2930 in
1911 2898 1943 2930 a
1978 2886 2205 2931 different
2241 2887 2388 2931 form.
2454 2887 2643 2936 labor:

1534 2954 1799 3005 ‘energetic
1823 2953 2071 3005 activum?

1592 3022 2643 3073 6-8.quaetanta...quanta...

1529 3096 1647 3131 non
1691 3085 1951 3131 ruerunt:
2047 3087 2299 3138 ‘qualities
2344 3087 2506 3131 which
2551 3100 2643 3133 are

1530 3158 1720 3204 greater
1757 3154 1810 3196 in
1848 3154 1948 3196 this
1984 3165 2103 3198 man
2139 3153 2283 3199 alone
2320 3155 2479 3204 than‚’
2518 3160 2643 3208 θεας

1529 3220 1603 3263 for
1636 3222 1770 3265 tanta
1796 3223 1975 3274 quanta
2001 3221 2065 3265 cf.
2104 3223 2154 3272 9,
2179 3221 2351 3266 37-38.
2396 3221 2526 3265 Note
2549 3222 2642 3266 the

1527 3288 1714 3339 change
1759 3288 1812 3330 of
1857 3288 2038 3339 gender
2096 3289 2224 3330 from
2278 3298 2397 3339 quae
2435 3287 2488 3331 in
2527 3287 2562 3332 1.
2607 3291 2641 3332 4

1533 3354 1844 3403 (antecedent
1870 3354 1984 3398 illae
2007 3354 2224 3404 virtutes)
2263 3356 2318 3397 to
2342 3364 2463 3405 (fuae
2500 3355 2641 3398 tanta

1526 3421 1576 3463 in
1601 3420 1634 3465 1.
1661 3423 1691 3464 6
1723 3420 1875 3470 (what
1900 3420 2265 3472 antecedenti’),
2291 3420 2392 3464 and
2410 3431 2490 3464 see
2514 3426 2639 3465 note

1527 3498 1591 3530 on
1618 3488 1685 3533 ΙΙ.
1711 3489 1762 3532 9.
1792 3489 1865 3531 13.

1588 3556 1728 3598 8-10.
1762 3553 1951 3598 Italia:
2022 3565 2103 3598 see
2136 3565 2203 3598 on
2226 3554 2406 3615 summi
2427 3554 2641 3607 impera-

1527 3623 1655 3672 tor-13⁸,
1695 3623 1774 3665 10.
1813 3623 1887 3665 17.
1955 3620 2161 3665 Sicu-ia:
2226 3621 2279 3665 in
2310 3622 2375 3665 82
2409 3621 2637 3674 Pompey

1530 3699 1629 3731 was
1662 3692 1771 3732 sent
1804 3691 1859 3731 to
1893 3687 2042 3740 Sicily
2074 3688 2143 3740 by
2176 3686 2313 3732 Sulla
2344 3687 2447 3731 and
2480 3687 2638 3741 easily

1531 3753 1828 3805 subjugated
1866 3755 1954 3799 the
1991 3754 2149 3798 teeble
2184 3759 2415 3797 temnant
2454 3755 2508 3798 ot
2546 3753 2639 3799 the

1535 3821 1720 3864 Marian
1744 3821 1875 3864 force
1895 3820 1948 3864 in
1971 3821 2057 3864 the
2078 3820 2254 3865 island.
2313 3821 2460 3863 stom
2483 3820 2639 3875 Sicily

1532 3887 1594 3930 he
1618 3891 1747 3931 went
1775 3891 1829 3931 to
1855 3887 2033 3933 Attica.
