2913 4338
1069 267 1189 329 ΕΡ.
1236 273 1322 338 ιι,
1365 264 1442 349 §g
1493 273 1597 329 1-7
2464 267 2590 332 355

185 445 346 508 nihil
394 454 596 525 supra
640 444 865 525 possit.
954 444 1229 508 Utinam
1279 464 1359 507 ea
1418 454 1520 508 res
1568 454 1628 507 ei
1689 444 2019 525 voluptati
2079 443 2192 507 sitl
2249 441 2488 523 gloriae

106 562 161 606 30
186 545 454 625 quidem
484 544 675 607 video
704 544 858 608 fore.
949 546 1049 608 De
1078 545 1323 622 Quinto
1353 544 1555 607 fratre
1583 544 1743 606 nihil
1771 563 1891 623 ego
1918 549 1987 607 te
2016 552 2338 618 accusavi,
2372 543 2486 605 sed

184 655 319 721 vos,
361 665 513 708 cum
547 644 924 724 praesertim
961 650 1100 707 tam
1135 654 1328 724 pauci
1361 644 1524 720 sitis,
1563 644 1740 708 volui
1774 663 1911 705 esse
1945 663 2145 723 quam
2182 642 2489 707 coniunc-

181 744 487 807 tissimos.
577 743 827 821 Quibus
857 753 963 807 me
994 743 1259 808 voluisti
1292 763 1479 824 agere
1510 743 1773 823 gratias,
1808 752 1908 823 egi
1938 748 2007 805 et
2039 752 2144 805 me
2177 752 2217 805 a
2247 748 2316 806 te
2348 764 2481 806 cer·
2515 748 2555 808 5

179 845 416 908 tiorem
441 844 691 907 factum
715 864 852 906 esse
874 854 1117 924 scripsi.

258 944 461 1022 Quod
508 944 593 1007 ad
640 954 764 1021 me,
815 964 962 1006 mea
1009 944 1332 1021 Terentia,
1383 943 1611 1007 scribis
1659 949 1727 1007 te
1775 953 1992 1007 vicum
2044 943 2485 1020 vendituram,

97 1063 148 1105 35
176 1045 360 1125 quid,
408 1053 675 1124 opsecro
718 1050 805 1120 te,
852 1054 957 1107 me
1000 1044 1333 1107 miserum!
1400 1044 1562 1124 quid
1606 1043 1902 1105 futurum
1946 1047 2085 1106 est?
2130 1049 2217 1119 et,
2265 1052 2320 1105 si
2368 1053 2489 1106 nos

174 1149 438 1225 premet
483 1144 712 1207 eadem
760 1145 1045 1220 fortuna,
1096 1144 1257 1224 quid
1316 1153 1520 1225 puero
1581 1143 1816 1205 misero
1877 1144 2027 1205 fiet?
2115 1144 2266 1205 Non
2315 1153 2488 1223 queo

174 1244 430 1324 reliqua
459 1246 761 1321 scribere3
804 1249 997 1307 tanta
1026 1254 1126 1306 vis
1154 1244 1569 1307 lacrimarum
1599 1250 1725 1320 est;
1770 1263 1980 1323 neque
2010 1249 2078 1307 te
2109 1243 2175 1304 in
2206 1243 2487 1306 eundem

177 1346 409 1408 fletum
470 1344 818 1421 adducam;
863 1350 1128 1407 tantum
1185 1346 1422 1407 scribo:
1510 1345 1577 1407 Si
1633 1348 1825 1405 erunt
1881 1343 1950 1404 in
2006 1343 2217 1406 officio
2275 1352 2487 1420 amiel,

172 1444 459 1526 pecunia
503 1453 636 1505 non
678 1444 847 1508 derit
856 1464 873 1521 ς
915 1454 972 1506 si
1015 1454 1149 1506 non
1193 1449 1405 1520 erunt,
1453 1449 1532 1506 tsi
1575 1443 1823 1505 efficere
1869 1448 1989 1505 tua
2031 1443 2311 1523 pecunia
2356 1453 2491 1506 non

92 1562 145 1603 40
172 1543 444 1624 poteris.
536 1544 660 1606 Per
703 1545 1001 1607 fortunas
1045 1545 1311 1607 miseras
1355 1549 1632 1619 nostrasy
1681 1543 1849 1618 vide,
1898 1553 1980 1605 ne
2024 1563 2301 1622 puerum
2347 1563 2492 1623 per-

174 1643 394 1707 ditum
430 1642 779 1723 perdamus
788 1665 805 1721 ;
851 1645 954 1707 cui
987 1654 1042 1706 si
1077 1644 1322 1724 aliquid
1355 1644 1499 1719 erit,
1536 1653 1619 1706 ne
1652 1648 1859 1722 egeat,
1897 1643 2207 1706 mediocri
2242 1643 2492 1706 virtute

172 1763 344 1825 opus
394 1749 497 1806 est
545 1749 615 1807 et
664 1745 972 1807 mediocri
1034 1745 1318 1820 fortuna,
1385 1749 1463 1806 ut
1527 1748 1742 1806 cetera
1805 1749 2259 1823 consequatur.
2352 1745 2482 1806 Fac
2518 1746 2558 1806 6

172 1843 401 1907 valeas
428 1849 496 1906 et
525 1844 609 1906 ad
635 1854 740 1907 me
766 1843 1138 1907 tabellarios
1164 1844 1412 1919 mittas,
1442 1848 1521 1905 ut
1547 1843 1769 1918 sciam,
1799 1842 1959 1922 quid
1989 1848 2241 1922 agatur,
2272 1849 2341 1906 et
2370 1853 2490 1906 vos

170 1944 339 2025 quid
366 1944 595 2022 agatis,
687 1943 845 2005 Mihi
871 1953 1136 2006 omnino
1162 1944 1291 2006 iam
1319 1943 1536 2007 brevis
1561 1943 1935 2023 expectatio
1960 1949 2080 2004 est.
2170 1942 2487 2006 Tulliolae

84 2062 138 2105 45
168 2050 238 2107 et
291 2044 586 2107 Ciceroni
633 2043 912 2106 salutem
963 2043 1084 2106 dic.
1175 2043 1422 2106 Valete.
1514 2045 1594 2105 D.
1648 2063 1707 2105 a.
1760 2042 1823 2104 d.
1877 2061 1949 2105 v1
2000 2043 2083 2105 K.
2141 2044 2481 2106 Decembr.

171 2143 566 2226 Dyrrhachi.

253 2245 739 2325 Dyrrhachium
766 2255 935 2321 veni,
964 2246 1141 2325 quod
1166 2251 1235 2308 et
1259 2245 1462 2308 libera
1489 2244 1721 2308 civitas
1746 2251 1847 2307 est
1871 2251 1939 2306 et
1966 2244 2033 2305 in
2058 2254 2163 2307 me
2188 2244 2473 2317 officiosa
2507 2246 2547 2309 7

168 2470 349 2515 mhsst
374 2482 431 2514 as
456 2472 508 2514 in
537 2471 579 2514 1.
609 2473 657 2515 1.
685 2474 730 2515 3.
791 2480 912 2515 vos:
967 2471 1031 2515 all
1059 2471 1136 2514 hls
1161 2472 1285 2515 rela-

167 2540 304 2582 tives
331 2539 385 2581 in
414 2538 588 2582 Rome.
647 2546 781 2581 oum
813 2539 1164 2590 praesertim:
1217 2540 1280 2584 cf.

1370 2472 1624 2520 moderate
1668 2483 1847 2524 energy
1892 2472 1990 2515 and
2051 2473 2304 2516 moderate
2350 2472 2476 2523 good

1371 2540 1571 2582 fortune
1598 2543 1652 2582 to
1681 2540 1880 2589 acquire
1908 2540 1973 2581 all
2003 2540 2133 2583 else.'

167 2603 270 2648 ΙΙΙ.
302 2605 384 2647 12.
416 2606 490 2653 20,
529 2614 561 2646 a
598 2604 692 2646 less
731 2614 958 2659 common
1001 2604 1143 2647 order
1161 2604 1284 2650 than

165 2671 453 2723 praesertim
476 2681 599 2715 cum.

233 2739 412 2781 32—36.
446 2736 676 2781 voluisti
727 2745 916 2789 agere:
979 2748 1058 2781 see
1089 2750 1153 2781 on
1187 2739 1282 2791 Ep.

167 2805 254 2847 1ο.
303 2806 384 2847 31.
464 2804 692 2847 Terentia
741 2803 841 2847 had
890 2807 997 2847 sent
1046 2804 1149 2847 him
1197 2805 1283 2850 the

165 2881 345 2914 names
364 2871 419 2913 of
437 2870 578 2913 those
601 2870 713 2914 who
737 2870 838 2913 had
861 2871 1004 2913 aided
1026 2870 1126 2915 her.
1169 2872 1280 2922 ecl:

165 2948 238 2980 sc.
261 2937 333 2980 eis
351 2937 547 2988 qratia-s.
608 2937 905 2980 certiorem
927 2937 1171 2982 factum:
1213 2948 1279 2982 sc.

164 3004 226 3046 de
262 3013 426 3046 eorum
460 3004 644 3054 officiis.
718 3004 934 3047 vicum:
1010 3014 1146 3047 some
1178 3004 1281 3056 clty

166 3074 424 3122 property,
456 3070 698 3122 probably
727 3081 758 3113 a
788 3074 901 3123 part
933 3071 985 3112 of
1015 3071 1281 3114 Terentia's

166 3136 343 3187 dowry
401 3138 499 3185 (10.
552 3136 746 3187 22-25).
835 3138 937 3181 The
991 3137 1090 3181 sale
1139 3139 1191 3180 of
1239 3139 1278 3180 it

166 3202 334 3246 would
360 3203 537 3246 reduce
561 3204 647 3247 the
672 3204 977 3247 inheritance
1004 3206 1056 3248 of
1081 3205 1166 3248 her
1190 3215 1279 3247 son

172 3270 359 3321 (puero,
384 3269 416 3312 l.
441 3271 523 3321 36)
550 3282 604 3313 as
628 3271 737 3314 well
762 3283 817 3315 as
841 3272 927 3315 her
951 3284 1061 3315 own
1084 3275 1277 3325 present

168 3336 486 3388 possessions.
537 3346 737 3389 puero:
777 3338 865 3381 the
884 3351 1051 3391 young
1069 3340 1277 3383 Marcus:

168 3404 248 3445 for
277 3413 390 3446 case
418 3415 497 3447 see
525 3416 592 3448 on
616 3405 709 3458 Ep.
731 3406 783 3449 θ.
805 3407 882 3451 23.
948 3407 1145 3451 eadem
1173 3406 1281 3450 for-

168 3470 342 3514 tuna:
390 3471 453 3515 cf.
480 3473 560 3515 1ο.
587 3475 664 3516 24.

235 3538 409 3580 39-41.
450 3538 596 3583 derit
618 3559 659 3574 -
686 3540 848 3585 decr-i&
889 3542 1118 3596 efficere,
1163 3546 1280 3586 etc.:

166 3603 264 3655 Le..
301 3615 402 3656 you
437 3607 534 3649 will
573 3608 758 3661 merely
792 3613 945 3654 waste
981 3620 1105 3662 your
1140 3609 1282 3653 small

172 3672 473 3722 possessione
543 3675 753 3719 without
826 3676 1089 3729 benefitlng
1186 3688 1279 3720 me.

173 3745 434 3792 puerum.
466 3745 580 3785 etc.:
632 3743 796 3786 notice
835 3743 1148 3789 aniteration.
1189 3743 1281 3787 cul

171 3804 244 3847 ⁸1:
303 3806 403 3849 ‘for
431 3808 470 3850 if
499 3807 562 3851 he
592 3807 682 3851 has
712 3819 846 3853 some
881 3810 1108 3860 (means).
1142 3822 1195 3853 so
1228 3820 1284 3853 as

172 3877 262 3915 not
285 3878 339 3917 to
362 3874 424 3918 be
444 3874 498 3917 in
522 3879 670 3926 want,
699 3875 763 3918 he
783 3875 880 3918 will
903 3877 1093 3926 require
1122 3877 1281 3929 (only)

1435 2607 1606 2649 42-44.
1639 2604 1729 2648 fac
1760 2633 1774 2648 .
1806 2634 1820 2649 .
1851 2634 1865 2648 .
1893 2606 2117 2648 mittas:
2171 2617 2250 2649 see
2279 2608 2337 2652 A.
2369 2608 2479 2656 565.

1367 2675 1486 2714 note
1520 2673 1568 2721 1;
1601 2672 1660 2716 B.
1695 2674 1801 2722 295,
1834 2673 1879 2722 5,
1912 2673 1964 2721 8;
2000 2672 2064 2715 Η.
2100 2674 2206 2722 565,
2245 2676 2297 2721 4;
2331 2673 2480 2717 H.-B.

1366 2740 1474 2787 502,
1502 2740 1547 2787 3,
1573 2749 1619 2788 a,
1647 2739 1872 2781 footnote
1897 2740 1943 2781 3.
2003 2738 2354 2798 tabellarium
2400 2750 2482 2783 see

1367 2804 1430 2849 R.
1473 2805 1524 2848 C.
1570 2804 1681 2855 §1.·
1719 2804 1856 2855 quid
1899 2805 2111 2856 agatis:
2196 2805 2281 2849 the
2321 2806 2483 2849 words

1365 2871 1483 2922 quid
1512 2870 1617 2922 avis
1655 2870 1843 2922 (avitis)
1878 2882 2021 2914 mean
2058 2872 2182 2914 both
2215 2873 2366 2915 ‘what
2397 2884 2482 2917 are

1365 2949 1466 2989 you
1505 2937 1677 2987 doing’
1721 2936 1821 2979 and
1867 2937 1999 2980 ‘how
2043 2938 2107 2981 do
2148 2950 2246 2990 you
2285 2939 2388 2988 doz’
2426 2939 2480 2982 in

1367 3003 1525 3046 which
1546 3015 1684 3047 sense
1723 3005 1867 3047 here?
1925 3004 2107 3049 brevit
2146 3006 2481 3057 expectatio:

1368 3071 1420 3113 ‘a
1443 3070 1580 3113 short
1609 3071 1728 3114 time
1755 3075 1809 3115 to
1836 3072 1988 3114 walt!
2049 3072 2126 3115 He
2147 3072 2383 3124 expected
2404 3072 2483 3115 his

1364 3137 1510 3180 recall
1541 3141 1595 3180 to
1628 3148 1765 3182 come
1800 3149 1854 3181 as
1888 3149 2008 3181 soon
2039 3150 2093 3182 as
2127 3139 2321 3182 Clodius
2348 3142 2480 3183 went

1364 3208 1452 3247 out
1476 3206 1529 3247 of
1551 3204 1690 3248 office
1723 3206 1886 3254 (when
1896 3206 1957 3256 7),
1987 3217 2042 3248 or
2064 3210 2117 3249 at
2142 3206 2227 3249 the
2246 3210 2393 3249 worst
2414 3217 2484 3249 no

1364 3271 1489 3314 later
1520 3272 1641 3314 than
1676 3271 1762 3316 the
1796 3273 2151 3324 inauguration
2181 3274 2233 3316 of
2260 3273 2346 3316 the
2373 3284 2480 3316 new

1364 3339 1572 3390 consuls,
1608 3341 1697 3384 but
1732 3340 1794 3383 he
1826 3352 1928 3384 was
1963 3339 2325 3393 disappointed.

1430 3409 1502 3457 45.
1526 3409 1601 3451 46.
1638 3407 1891 3453 salutem
1915 3408 2029 3451 dic:
2075 3406 2206 3459 ‘give
2223 3418 2308 3459 my
2327 3409 2483 3457 greet-

1363 3473 1480 3524 ing:
1546 3474 1721 3519 Notice
1753 3476 1839 3519 the
1871 3476 2087 3527 singular
2118 3476 2195 3517 dic
2221 3472 2483 3517 addressed

1365 3544 1420 3584 to
1438 3542 1683 3593 Terentia.
1708 3543 1936 3587 followed
1955 3541 2296 3593 immediately
2312 3542 2381 3593 by
2396 3540 2485 3583 the

1366 3609 1524 3660 plural
1566 3610 1713 3654 valde
1753 3614 1807 3654 to
1849 3610 1915 3654 all
1959 3611 2044 3654 the
2089 3609 2277 3661 family.
2348 3607 2485 3658 Dyt-

1364 3677 1543 3721 rachi:
1596 3679 1737 3720 case?

1430 3746 1600 3788 47-49.
1638 3744 2058 3795 Dyrrhachium
2083 3745 2234 3795 vem,
2261 3747 2376 3787 etc.:
2415 3750 2484 3783 on

1367 3810 1465 3853 this
1509 3810 1736 3854 addition
1779 3814 1833 3854 to
1877 3811 1963 3855 the
2005 3811 2150 3854 letter
2196 3822 2275 3854 see
2322 3810 2486 3853 Intro-

1366 3877 1578 3929 ductory
1629 3877 1757 3920 Note
1804 3877 1904 3921 and
1956 3877 2018 3922 R.
2042 3878 2093 3920 C.
2148 3877 2236 3929 §15
2285 3878 2350 3920 ad
2394 3876 2483 3929 fin·
