2913 4338
360 295 483 355 314
1089 297 1239 351 PRO
1296 297 1364 363 Q.
1427 296 1744 350 LIGARIO
1802 276 2086 351 o'RA‘rlo

452 471 792 533 Tuberone
799 491 818 547 ;
840 470 1019 535 domi
1036 480 1172 533 una
1190 470 1449 546 eruditi,
1475 470 1744 533 militiae
1765 470 2283 547 contubernaleS,
2305 478 2461 552 post
2482 472 2732 547 adfines,

360 589 421 631 15
454 571 523 631 in
576 580 755 634 omni
808 571 1086 650 denique
1139 577 1282 634 vita
1335 570 1686 633 familiares
1693 590 1711 647 ;
1767 590 2079 651 magnum
2133 569 2340 633 etiam
2395 571 2730 646 vinculum,

454 671 632 750 quod
663 671 869 733 isdem
902 670 1138 733 studiis
1172 691 1427 751 semper
1459 679 1561 733 sisi
1593 690 1838 733 sumus.
1927 670 2075 735 Scio
2108 670 2310 750 igitur
2342 671 2731 734 Tuberonem

452 770 631 833 domi
664 780 926 834 manere
961 770 1266 849 voluisse;
1302 770 1416 833 sed
1451 769 1549 833 ita
1584 770 1856 849 quidam
1892 772 2151 850 agebat,
2189 770 2290 833 ita
2321 779 2418 833 rei
2450 772 2730 851 publicae

451 870 931 934 sanctissimum
985 879 1227 933 namen
1282 871 1679 951 oppanebat,
1738 876 1836 947 ut,
1893 870 2155 933 etiamsi
2209 871 2403 933 aliter
2458 876 2726 947 sentiret,

450 971 797 1033 verborum
830 976 1056 1033 tamen
1085 970 1372 1050 ipsorum
1404 971 1665 1052 pondus
1697 970 2016 1033 sustinere
2045 980 2182 1032 nen
2210 977 2456 1052 posset.
2541 972 2803 1035 Cessit22

351 1088 421 1132 κο
451 1070 831 1133 auctoritati
866 1070 1246 1150 amplissimi
1279 1069 1405 1132 viri
1436 1069 1542 1132 vel
1575 1070 1798 1150 potius
1831 1070 2080 1150 paruit;
2115 1079 2251 1133 una
2283 1077 2386 1134 est
2418 1071 2727 1152 profectus

449 1190 598 1233 cum
636 1170 733 1246 iis,
774 1179 1053 1250 quarum
1091 1174 1233 1232 erat
1269 1178 1403 1232 una
1440 1189 1657 1232 causa.
1745 1169 2024 1232 Tardius
2060 1169 2186 1231 iter
2222 1169 2383 1233 fecit
2419 1171 2636 1251 itaque
2668 1171 2729 1232 in

447 1260 737 1333 Africam
762 1269 946 1333 venit
970 1269 1102 1332 iam
1127 1274 1535 1349 occupatam.
1627 1269 1798 1331 Hinc
1824 1269 1894 1331 in
1919 1269 2248 1349 Ligarium
2276 1280 2519 1333 crimen
2541 1277 2728 1334 oritur

449 1369 553 1432 vel
576 1379 673 1433 ira
694 1369 932 1451 potius
1025 1369 1214 1445 Nam,
1241 1378 1297 1431 si
1320 1378 1565 1432 crimen
1586 1375 1689 1432 est
1711 1368 2011 1445 voluisse,
2039 1378 2173 1431 nan
2196 1369 2414 1433 minus
2438 1390 2725 1450 magnum

447 1476 549 1532 est
575 1479 694 1532 vos
719 1460 1028 1546 Rfricam,
1059 1488 1271 1532 arcem
1298 1469 1593 1531 omnium
1620 1468 2105 1549 provinciarum
2132 1475 2363 1533 natam
2393 1471 2478 1532 ad
2502 1470 2723 1533 bellum

351 1589 417 1631 25
450 1575 680 1632 contra
710 1570 877 1632 hanc
909 1571 1138 1633 urbem
1169 1568 1554 1648 gerundum,
1588 1569 1884 1648 optinere
1915 1568 2196 1632 voluisse
2227 1590 2431 1651 quam
2464 1570 2721 1650 aliquem

447 1679 516 1732 se
553 1669 872 1732 maluisse.
963 1669 1182 1749 Atque
1217 1669 1271 1731 is
1307 1674 1535 1731 tamen
1571 1668 1805 1748 aliquis
1844 1669 2136 1748 Ligarius
2173 1679 2308 1732 non
2344 1670 2498 1747 fuit;
2533 1672 2721 1733 Varus

448 1769 791 1848 imperium
834 1779 901 1832 se
944 1769 1181 1832 habere
1224 1769 1502 1844 dicebat,
1549 1767 1757 1831 fasces
1800 1774 1976 1832 certe
2019 1769 2323 1833 habebat.
2417 1771 2541 1834 Sed
2579 1769 2792 1849 quo-23

447 1877 579 1948 quo
634 1869 829 1932 modo
882 1879 951 1932 se
1003 1868 1163 1931 illud
1217 1868 1436 1943 habet,
1496 1868 1655 1931 haec
1710 1868 1997 1947 querella
2048 1876 2269 1932 vestra
2322 1871 2483 1949 quid
2534 1869 2716 1932 valet:

449 1971 466 2000 ‘
482 1969 759 2049 Recepti
784 1969 853 2031 in
877 1968 1278 2049 provinciam
1301 1977 1435 2030 non
1460 1970 1722 2030 sumus?
1738 1967 1754 1996 ’
1801 1968 1994 2045 Quid,
2024 1976 2080 2030 si
2099 1969 2365 2032 essetis?
2407 1970 2718 2033 Caesarine

351 2088 416 2131 so
448 2089 592 2131 eam
636 2069 943 2132 tradituri
983 2068 1196 2130 fuistis
1238 2088 1323 2130 an
1364 2074 1594 2131 contra
1634 2069 1973 2130 Caesarem
2014 2073 2371 2132 retenturi?

515 2169 579 2234 8.
624 2168 807 2246 Vide,
862 2168 1020 2250 quid
1070 2167 1386 2244 licentiae,
1441 2169 1694 2244 Caesar,
1732 2169 1920 2231 nabis
1956 2175 2074 2232 tua
2107 2168 2462 2234 liberalitas
2495 2171 2600 2235 det
2627 2168 2717 2232 vel

447 2270 668 2351 potius
705 2269 1033 2332 audaciae.
1123 2270 1191 2332 Si
1225 2268 1633 2348 responderit
1668 2268 1926 2331 Tubero
1961 2259 2270 2345 Africam,
2311 2280 2445 2350 quo
2479 2277 2716 2333 senatus

447 2390 597 2433 eum
633 2389 899 2449 sorsque
934 2374 1217 2444 miserat,
1249 2368 1372 2432 tibi
1405 2374 1662 2448 patrem
1697 2388 1889 2431 suum
1926 2368 2324 2432 traditurum
2361 2370 2569 2446 fuisse,
2603 2379 2716 2431 non

450 2468 775 2531 dubitabo
811 2469 986 2549 apud
1014 2469 1226 2550 ipsum
1254 2473 1340 2544 te,
1371 2468 1554 2530 cuius
1593 2467 1661 2530 id
1701 2488 1852 2530 eum
1892 2468 2102 2531 facere
2143 2468 2461 2545 interfuit,
2501 2468 2717 2551 gravis-

391 2589 423 2632 5
455 2570 634 2631 simis
665 2569 880 2631 verbis
910 2568 1048 2630 eius
1079 2568 1415 2631 cansilium
1447 2567 1931 2647 reprehendere.
2022 2568 2171 2631 Nan
2200 2569 2397 2646 enim,
2431 2579 2486 2631 si
2513 2569 2625 2632 tibi
2650 2588 2714 2630 ea

448 2679 549 2731 res
598 2674 789 2748 grata
840 2667 1087 2743 fuisset,
1140 2673 1310 2730 esset
1358 2667 1559 2730 etiam
1609 2668 1907 2748 probata.
1997 2668 2124 2732 Sed
2173 2668 2304 2731 iam
2357 2671 2477 2733 hoc
2526 2667 2783 2732 totum24

519 2881 591 2921 14.
627 2877 799 2929 domi.
830 2876 1091 2921 militiae:
1142 2876 1394 2926 locatives‚
1423 2887 1556 2920 com·
1641 2877 1892 2929 aliquem
1936 2908 1951 2922 .
1995 2908 2010 2922 .
2054 2908 2069 2922 .
2109 2878 2402 2924 maluisse:
2482 2879 2614 2923 ‘than
2648 2878 2710 2920 ior

451 2945 622 2996 monly
658 2944 710 2987 in
748 2944 834 2988 the
871 2944 1047 2996 phrase
1082 2943 1211 2986 domi
1246 2944 1553 2995 militiaeque.
1641 2955 1776 2988 some
1811 2944 1994 2996 (other)
2026 2950 2080 2989 to
2110 2946 2239 2990 have
2269 2946 2512 2999 preferred
2539 2946 2639 2989 that
2663 2943 2710 2986 Ιιο

452 3020 593 3058 una:
652 3009 927 3062 ‘togethen’
979 3010 1216 3055 adfines:
1278 3009 1468 3054 related
1488 3010 1556 3062 by
1641 3011 1800 3054 retain
1822 3012 1898 3055 it)
1952 3012 2000 3056 is
2024 3012 2252 3064 annunt
2301 3013 2435 3057 ‘that
2459 3024 2583 3056 some
2602 3007 2709 3055 one!

451 3080 708 3129 marriage.
1705 3078 1781 3121 28.
1816 3078 1955 3129 quid
1995 3078 2171 3123 valet:
2258 3078 2413 3123 ‘what
2456 3081 2578 3123 force
2613 3075 2708 3121 has'

521 3148 593 3189 17.
628 3144 886 3197 quidam:
1002 3143 1221 3197 possibly
1281 3144 1552 3194 Marcellum
1647 3144 1744 3193 (see
1769 3155 1836 3187 on
1861 3146 1984 3196 quod
2008 3147 2165 3196 potest.
2194 3146 2246 3190 4.
2275 3147 2343 3197 1).

453 3211 644 3262 though
673 3223 746 3255 we
774 3211 903 3254 have
932 3221 997 3254 no
1027 3221 1196 3255 means
1225 3211 1277 3254 οῖ
1306 3211 1553 3261 knowing.
1704 3213 1780 3255 30.
1815 3212 2081 3256 tradituri
2120 3212 2336 3258 mutis:
2421 3211 2591 3257 ‘would
2625 3219 2706 3264 you

454 3278 547 3321 His
567 3277 738 3330 family
758 3288 903 3321 name
921 3277 1083 3321 would
1104 3278 1166 3321 be
1184 3277 1554 3320 sanctissimum.
1641 3277 1771 3321 have
1795 3278 2040 3321 delivered
2064 3279 2157 3322 ἥτ’
2215 3280 2279 3322 So
2302 3280 2357 3322 in
2380 3280 2457 3324 ch.
2481 3282 2528 3324 8.

522 3345 594 3388 19.
628 3345 929 3389 sustinere:
969 3343 1293 3387 ‘withstand’
1345 3343 1556 3395 posset:

453 3422 522 3455 se.
553 3411 765 3460 Tubero:
793 3422 847 3454 so
875 3411 996 3454 with
1025 3412 1226 3461 sentiret,
1257 3411 1290 3455 l.
1324 3412 1396 3455 18.
1706 3407 1759 3459 8.
1798 3415 1841 3455 4.
1878 3411 2174 3482 dubitabo:
2239 3413 2513 3462 ‘hesitate:’
2545 3414 2612 3456 for
2638 3409 2707 3454 the

519 3479 593 3521 22.
630 3479 988 3530 occupatam:
1031 3479 1099 3530 by
1124 3479 1293 3528 Varus,
1317 3482 1372 3521 to
1393 3478 1556 3521 whom
1644 3478 1891 3530 following
1943 3480 2187 3522 infinitive
2241 3491 2322 3523 see
2377 3492 2443 3524 on
2497 3480 2535 3524 Ι.
2573 3481 2617 3523 ¹1.
2647 3477 2705 3520 18.

456 3544 676 3595 Ligarius
698 3556 798 3588 was
818 3545 1154 3589 subordinate.
1645 3546 1805 3590 emus
1829 3575 1844 3589 .
1867 3575 1881 3588 .
1906 3575 1920 3588 .
1937 3546 2225 3591 interruit:
2266 3548 2342 3590 ‘to
2361 3548 2519 3590 whose
2534 3547 2704 3590 interest

517 3612 688 3654 23-26.
720 3612 829 3655 ira:
866 3612 1011 3663 again
1030 3611 1313 3663 suggesting
1330 3610 1556 3664 personal
1642 3612 1683 3655 it
1711 3613 1834 3654 was’
1863 3613 1938 3655 tor
1964 3612 2068 3655 him
2095 3617 2150 3656 to
2176 3614 2241 3657 do
2269 3614 2382 3658 that
2417 3615 2513 3664 (see
2538 3616 2591 3657 A.
2614 3611 2706 3658 355:

452 3677 632 3728 feeling
663 3688 718 3720 as
752 3677 986 3721 Tubero’s
1018 3679 1220 3722 motive.
1286 3677 1557 3722 voluisse:
1645 3679 1704 3722 B.
1732 3681 1837 3729 210.
1867 3681 1980 3729 2113
2008 3679 2073 3724 Η.
2102 3683 2214 3730 449:
2241 3681 2392 3725 H.-B.
2419 3683 2521 3730 345.
2547 3678 2632 3724 and
2653 3676 2704 3720 ct.

451 3755 521 3788 sc.
566 3743 818 3796 Liaarium
863 3744 1079 3788 obtinere.
1158 3746 1360 3788 natam
1410 3774 1425 3788 .
1477 3774 1492 3788 .
1542 3774 1556 3789 .
1644 3744 1731 3788 IV.
1759 3747 1809 3789 δ.
1838 3746 1903 3795 1).

452 3809 801 3863 gerundum:
904 3810 1124 3860 alluding
1175 3815 1228 3853 to
1281 3811 1366 3853 the
1420 3811 1557 3854 thoee
1706 3813 1751 3855 6.
1786 3812 1972 3863 grata:
2008 3812 2216 3858 because
2235 3816 2400 3859 Africa
2418 3814 2571 3858 would
2588 3810 2705 3855 make

453 3876 802 3927 Carthaginian
820 3886 958 3925 warS.
980 3875 1089 3917 that
1109 3877 1162 3918 ot
1178 3876 1438 3927 Jugurtha,
1460 3882 1553 3921 ete.
1642 3888 1672 3920 a
1717 3877 1947 3921 valuable
1990 3881 2234 3923 accession
2282 3885 2336 3924 to
2381 3882 2456 3925 his
2497 3876 2700 3929 strength.
