2913 4338
64 580 151 626 '20

70 1079 153 1120 25

102 2175 167 2218 10

123 2820 133 2830 ·
211 2812 354 2854 'near
395 2810 483 2853 the
525 2809 665 2862 city.’

981 286 1140 342 cAP.
1186 288 1374 352 14-16‚
1419 281 1495 363 §g
1542 288 1716 341 42-47
2470 285 2593 349 273

197 460 427 523 consul
484 460 860 540 designatus
917 460 1170 536 habuit,
1230 460 1342 524 ubi
1407 460 1500 538 (id
1558 461 1735 541 quod
1794 461 2076 526 maxime
2133 463 2497 543 exspectari

197 560 578 635 videbatur)
636 559 925 623 ostendit
975 569 1044 622 se
1095 560 1510 624 tribuniciam
1561 565 1961 641 potestatem
2013 559 2492 639 restituturum,

194 661 418 723 factus
464 663 567 721 est
614 658 685 721 in
729 669 807 722 eo
855 659 1183 738 strepitus,
1234 664 1304 722 et
1350 665 1539 738 grata
1587 659 1906 723 contionis
1956 660 2491 724 admurmuratio.

195 752 387 822 Idem
432 758 504 821 in
545 760 772 822 eedem
818 757 1118 822 contione
1161 779 1310 823 cum
1355 759 1625 823 dixisset
1670 759 2048 841 ‘populatas
2091 766 2497 841 vexatasque

194 878 340 923 esse
398 857 766 940 provincias
774 879 792 936 ς
850 858 1088 922 iudicia
1146 865 1368 922 autem
1425 859 1646 941 turpia
1705 880 1778 924 ac
1839 860 2158 941 flagitiosa
2216 861 2378 938 fieri;
2436 869 2497 924 ei

193 967 294 1022 rei
341 968 413 1022 se
459 956 799 1040 providere
850 980 922 1022 ac
974 959 1301 1023 consulere
1351 959 1514 1022 velle
1525 961 1561 1036 ;'
1614 964 1759 1023 tum
1809 970 1964 1023 vero
2012 970 2147 1023 non
2193 961 2492 1040 strepitu,

194 1059 316 1122 sed
385 1058 674 1121 maximo
740 1058 1035 1134 clamore,
1103 1078 1290 1122 suam
1355 1059 1636 1140 populus
1703 1061 2041 1122 Romanus
2106 1060 2497 1140 significavit

198 1159 639 1224 voluntatem.

287 1259 390 1323 16.
437 1259 626 1321 Nunc
668 1263 890 1321 autem
930 1258 1223 1322 homines
1262 1259 1331 1320 in
1369 1259 1644 1339 speculis
1683 1266 1864 1322 sunt:
1905 1262 2258 1323 observant
2298 1281 2494 1341 quem
2514 1263 2595 1323 46

197 1358 291 1422 ad
349 1346 624 1422 modum
679 1367 815 1420 sese
873 1367 1043 1420 finus
1100 1359 1374 1439 quisque
1433 1365 1730 1423 nostrum
1788 1365 1973 1440 gerat
2030 1359 2100 1422 in
2156 1360 2499 1424 retinenda

196 1458 528 1538 religione,
632 1458 1217 1538 conservandisque
1313 1458 1579 1537 legibus,
1666 1459 1911 1523 Vident
2011 1459 2243 1536 adhuc,
2345 1464 2499 1541 post

197 1559 410 1637 legem
487 1557 921 1634 tribuniciam,
998 1566 1204 1619 tinum
1279 1564 1644 1621 senatorem
1729 1559 2058 1624 hominem
2134 1559 2237 1622 vel
2313 1566 2501 1623 tenu-

198 1657 521 1719 issimum.
562 1676 699 1719 esse
761 1656 1174 1719 damnatum:
1237 1657 1415 1738 quod
1476 1663 1741 1721 tametsi
1801 1668 1934 1722 non
1993 1659 2497 1740 reprehendunt,

199 1762 432 1820 tamen
490 1765 730 1836 magno
788 1776 979 1837 opere
1037 1756 1217 1837 quod
1275 1757 1547 1820 laudent
1604 1768 1737 1821 non
1794 1759 2058 1822 habent.
2149 1761 2208 1822 N
2212 1759 2344 1822 nlla
2401 1763 2503 1822 est

197 1856 380 1920 enim
439 1856 602 1931 lauS,
665 1853 757 1918 ibi
817 1875 954 1919 esse
1013 1855 1357 1936 integrum,
1397 1858 1510 1921 ubi
1565 1868 1757 1921 nemo
1808 1863 1909 1920 est
1960 1867 2077 1939 qui·
2128 1864 2246 1921 aut
2296 1858 2503 1940 possit

200 1963 326 2020 aut
397 1962 670 2019 conetur
740 1975 1195 2036 corrumpere..
1255 1957 1397 2019 Hoc
1468 1963 1569 2020 est
1638 1957 1968 2033 iudicium,
2041 1957 2113 2020 in
2180 1968 2312 2038 quo
2383 1968 2500 2021 vos
2516 1958 2599 2022 47

200 2056 284 2119 de
326 2065 457 2131 reo,
500 2054 780 2136 populus
821 2056 1156 2118 Romanus
1196 2055 1276 2118 de
1317 2058 1504 2119 vobis
1543 2046 1894 2120 iudicabit..
1962 2057 2045 2119 In
2065 2058 2205 2121 hoc
2247 2057 2505 2121 homine

201 2161 561 2232 statuetur,
611 2154 919 2237 possitne,
971 2154 1379 2221 senatoribus
1427 2155 1887 2234 indicantibus,
1938 2157 2137 2221 homo
2184 2157 2506 2222 nocentis-

200 2256 410 2320 simus
475 2255 1169 2337 pecuniosissimusque
1236 2256 1545 2320 damnari.
1641 2257 1890 2320 Deinde
1957 2264 2059 2322 est
2124 2258 2260 2321 eius
2328 2257 2506 2322 modi

202 2375 373 2430 reuS,
427 2354 498 2416 in
546 2363 678 2434 quo
727 2354 986 2418 homine
1034 2354 1194 2416 nihil
1242 2356 1348 2431 sit,
1399 2361 1659 2438 praeter
1706 2377 1964 2420 summa
2010 2362 2282 2438 peccata
2331 2357 2536 2420 maxi-

205 2474 518 2534 mamque
571 2453 942 2535 pecuniam;
998 2459 1094 2529 ut,
1151 2464 1208 2517 si
1259 2454 1572 2520 liberatus
1626 2456 1731 2532 sit,
1790 2457 1969 2520 nulla
2024 2456 2149 2519 alia
2203 2457 2502 2537 suspici6‚

204 2554 332 2616 nisi
371 2575 451 2616 ea
492 2574 661 2633 quae
702 2553 1077 2633 turpissima
1116 2559 1235 2630 est,
1279 2556 1556 2619 residere
1595 2556 1819 2638 possit.
1912 2558 2062 2619 Non
2100 2555 2329 2635 gratia,
2373 2566 2506 2620 non

741 2811 818 2854 He
859 2810 1005 2854 could
1047 2816 1135 2855 not
1177 2815 1316 2855 enter
1402 2816 1537 2856 ators
1573 2813 1845 2856 controlled
1881 2813 1968 2856 the
2022 2818 2189 2857 courts
2224 2814 2504 2859 conviction

208 2877 385 2921 within
420 2877 508 2920 the
538 2877 677 2919 walls
708 2877 786 2921 till
820 2878 881 2920 he
914 2877 1013 2920 had
1048 2877 1148 2920 laid
1182 2877 1316 2921 aside

209 2944 287 2987 his
323 2943 584 2994 imperium
626 2944 906 2993 (command
943 2944 996 2987 of
1031 2956 1096 2987 an
1132 2947 1313 2998 army),

210 3009 312 3054 and
337 3021 393 3053 so
420 3010 579 3052 called
603 3010 690 3053 the
714 3011 958 3062 assembly
972 3021 1038 3053 on
1064 3011 1150 3054 the
1177 3012 1317 3055 Cam-

212 3088 307 3130 pus
333 3077 543 3120 Martius
567 3079 623 3119 to
647 3076 765 3120 hear
790 3088 822 3121 a
853 3081 1123 3121 statement
1157 3078 1210 3122 of
1240 3078 1317 3122 his

213 3144 429 3198 policies.

277 3213 354 3254 21.
387 3211 452 3254 ln
485 3218 574 3255 eo:
644 3209 719 3254 ‘at
745 3210 857 3255 that
882 3210 1062 3264 point!
1125 3212 1318 3263 strepi-

214 3278 334 3322 tus:
403 3289 437 3320 a
483 3276 709 3321 subdued
752 3278 851 3320 and
887 3277 1122 3322 confused
1157 3278 1315 3321 sound

213 3345 500 3396 suggesting
549 3345 811 3396 approved:
863 3345 1145 3389 contrasted
1197 3346 1317 3388 with

214 3412 425 3454 maximo
436 3411 650 3460 clamore.
670 3411 680 3428 ⁸
691 3422 720 3453 a
736 3421 853 3463 very
865 3411 982 3454 loud
998 3411 1178 3462 shout,'
1191 3411 1224 3457 1.
1240 3414 1316 3455 25.

276 3480 354 3523 23.
390 3477 536 3522 neri:
593 3478 739 3521 ‘were
765 3477 1054 3530 becoming!

279 3609 370 3661 16.
406 3613 516 3657 2-4.
573 3611 639 3657 in
670 3611 966 3656 retinenda
1021 3611 1316 3664 rengione:

220 3678 484 3729 ‘gum-dmg
519 3678 606 3723 the
642 3680 862 3731 sanetity
905 3679 977 3728 (of
1012 3690 1103 3723 our
1138 3680 1317 3730 oath).'

220 3746 344 3796 pont
367 3744 579 3797 legem:
628 3756 696 3789 sc.
724 3746 1089 3789 latam—‘since
1114 3747 1199 3789 the
1224 3746 1317 3789 law

220 3823 316 3857 iva-s
352 3812 551 3865 passed’
594 3814 690 3861 (see
724 3824 787 3855 on
823 3813 1051 3865 Pompeio
1082 3814 1315 3866 referente.

1401 2880 1454 2922 of
1478 2891 1571 2923 one
1594 2881 1648 2922 of
1671 2880 1782 2923 that
1806 2880 1932 2923 rank
1953 2891 2054 2923 was
2076 2891 2197 2932 very
2220 2891 2347 2931 rare3
2372 2881 2504 2925 since

1403 2957 1567 2998 power
1588 2950 1641 2990 to
1663 2949 1921 2999 prosecute
1941 2946 2040 2989 had
2063 2946 2187 2990 been
2211 2947 2426 2990 restored
2449 2951 2503 2990 to

1403 3013 1489 3056 the
1515 3014 1738 3056 tribunes
1761 3013 1899 3057 there
1941 3012 2041 3056 had
2085 3013 2209 3056 been
2245 3025 2339 3056 one
2382 3014 2504 3057 such

1402 3080 1704 3132 conviction,
1743 3080 1834 3124 but
1870 3080 1923 3123 in
1961 3080 2047 3123 the
2083 3090 2194 3123 case
2229 3080 2281 3123 of
2316 3091 2347 3123 a
2382 3091 2505 3132 very

1403 3156 1525 3198 poor
1554 3157 1828 3190 man—one
1856 3147 1967 3190 who
1997 3146 2096 3217 had
2126 3150 2216 3190 not
2247 3157 2418 3190 means
2449 3150 2502 3191 to

1403 3212 1541 3256 bribe
1569 3213 1655 3257 the
1682 3213 1843 3264 jurors
1869 3213 2100 3265 lavishly.

1465 3282 1511 3330 6,
1557 3283 1605 3325 7.
1639 3281 1790 3332 quod
1829 3279 2066 3325 laudent
2106 3288 2225 3324 non
2267 3281 2505 3327 habent:

1405 3346 1548 3399 ‘they
1587 3347 1715 3391 have
1755 3348 1964 3398 nothing
2002 3352 2057 3390 to
2097 3348 2258 3400 praise
2298 3347 2509 3401 highly?

1404 3413 1565 3458 nulla
1594 3443 1609 3458 .
1641 3444 1656 3459 .
1684 3443 1698 3459 .
1728 3415 2042 3466 integrum:
2098 3414 2160 3457 ‘it
2188 3415 2231 3458 is
2255 3426 2321 3458 no
2350 3414 2506 3458 eredit

1405 3484 1459 3523 to
1500 3481 1561 3523 be
1600 3481 1799 3533 upright
1840 3481 1984 3525 when
2023 3481 2162 3525 there
2200 3481 2245 3525 Is
2282 3492 2411 3525 none
2450 3484 2507 3526 to

1404 3551 1603 3599 corrupt
1632 3549 1769 3600 you.’

1466 3615 1513 3657 8.
1549 3613 1679 3657 hoc:
1720 3614 1821 3658 th1s
1841 3618 2037 3668 present
2060 3626 2171 3659 case
2198 3616 2270 3666 (ot
2292 3615 2510 3666 Verres).

1404 3688 1528 3724 vot:
1582 3681 1767 3734 supply
1793 3693 1970 3735 proper
1997 3683 2125 3725 form
2152 3683 2205 3725 of
2230 3683 2350 3726 verb
2379 3683 2508 3725 from

1405 3748 1653 3792 iudicabit.

1473 3816 1546 3857 12.
1581 3815 1643 3857 ln
1682 3823 1796 3867 quo
1838 3845 1853 3860 .
1897 3845 1912 3859 .
1956 3845 1970 3859 .
2011 3816 2109 3859 sit:
2185 3814 2338 3858 result
2380 3815 2510 3860 atter

224 3879 299 3923 15.
338 3880 436 3929 12).
505 3881 846 3924 senatorem:
914 3880 1059 3925 whsse
1093 3882 1178 3924 the
1211 3892 1319 3924 sen·
1359 3882 1373 3937 [
1406 3883 1512 3925 eius
1538 3883 1683 3925 modi.
