2913 4338
1082 276 1239 333 CAP.
1288 280 1459 331 19-20
2440 272 2564 338 387

178 461 473 526 crescere,
520 449 712 512 simul
762 450 1100 527 confisum,
1154 461 1208 514 si
1258 450 1620 514 coniuratio
1670 449 1998 525 valuisset,
2052 449 2239 513 facile
2289 449 2467 531 apud

176 551 313 615 illos
340 552 700 631 principem
731 561 799 613 se
827 551 980 614 fore.

250 751 356 816 20.
403 750 684 814 Catilina
721 750 835 814 ubi
872 761 1000 828 θῦε,
1042 762 1207 831 quos
1242 751 1441 831 paulo
1481 758 1634 813 ante
1674 760 2047 825 memoravi,
2092 752 2467 815 convenisse

175 851 374 925 videt,
416 857 682 914 tametsi
721 871 869 913 cum
906 851 1172 930 singulis
1210 851 1419 913 multa
1456 870 1649 930 saepe
1687 855 1923 929 egerat,
1956 856 2190 939 atamen
2225 851 2294 912 in
2331 871 2466 913 rem

174 952 307 1014 fore
374 951 640 1013 credens
704 951 1043 1014 univorsos
1108 950 1430 1030 appellare
1495 957 1563 1013 et
1628 951 1970 1026 cohortari,
2010 938 2106 1012 'in
2170 950 2466 1013 abditam

172 1057 426 1131 partem
458 1050 716 1112 aedium
746 1051 988 1113 secedit
1016 1057 1215 1130 atque
1242 1051 1331 1115 ibi
1360 1051 1664 1114 omnibus
1692 1051 1950 1113 arbitris
1976 1051 2200 1131 procul
2229 1057 2467 1114 amotis

118 1170 144 1212 5
173 1151 534 1214 orationem
584 1150 848 1213 huiusce
894 1152 1072 1215 modi
1119 1152 1377 1214 habuit:

253 1251 361 1312 ‘Ni
403 1251 616 1312 virtus
657 1250 945 1330 fidesque
987 1258 1210 1314 vostra
1250 1257 1550 1332 spectata
1590 1251 1748 1313 mihi
1791 1251 2022 1327 forent,
2067 1261 2465 1331 nequiquam

170 1358 546 1432 opportuna
590 1361 690 1414 r&
737 1350 1095 1427 cecidisset;
1143 1361 1288 1431 spes
1335 1371 1592 1430 magna,
1644 1352 2003 1414 dominatio
2049 1352 2117 1411 in
2163 1352 2465 1414 manibus

171 1451 412 1514 frustra
433 1451 729 1527 fuissent,
753 1471 964 1532 neque
985 1471 1102 1530 ego
1124 1471 1238 1531 per
1260 1451 1588 1530 ignaviam
1612 1457 1729 1514 aut
1750 1461 1922 1515 vana
1942 1451 2200 1530 ingenia
2221 1451 2469 1514 incerta

169 1562 284 1630 pro
316 1557 512 1641 certis
544 1557 895 1630 captarem.
985 1550 1113 1616 Sed
1142 1551 1297 1631 quia
1328 1551 1552 1613 multis
1581 1558 1650 1614 et
1681 1561 1931 1630 magnis
1961 1553 2467 1632 tempestatibus

96 1670 141 1710 ιο
170 1661 283 1714 vos
310 1660 591 1730 cognovi
616 1651 803 1714 fortis
829 1653 1126 1732 fidosque
1153 1652 1330 1727 mihi,
1360 1661 1437 1714 eo
1463 1652 1716 1714 animus
1741 1671 1935 1714 ausus
1957 1659 2057 1714 est
2081 1673 2465 1716 maxumum

169 1759 367 1831 atque
403 1751 932 1831 pulcherrumum
971 1752 1222 1815 facinus
1257 1752 1557 1833 incipere,
1596 1751 1787 1813 simul
1824 1751 1979 1830 quia
2015 1754 2202 1816 vobis
2236 1755 2464 1817 eadem

168 1872 333 1931 quae
370 1851 531 1913 mihi
567 1853 739 1915 bona
776 1853 1078 1932 malaque
1112 1872 1250 1915 esse
1286 1852 1602 1928 intellexi3
1638 1871 1793 1913 nam
1828 1851 2001 1914 idem
2051 1853 2213 1914 velle
2265 1860 2465 1933 atque

168 1952 336 2014 idem
367 1950 559 2026 nolle,
591 1971 669 2013 ea
699 1953 963 2018 denium
994 1953 1186 2014 firma
1217 1952 1506 2015 amicitia
1535 1958 1653 2015 est.

250 2052 400 2116 ‘Sed
424 2071 542 2130 ego
558 2072 726 2130 quae
751 2058 970 2115 mente
986 2053 1251 2131 agitavi,
1270 2062 1496 2116 omnes
1519 2052 1650 2114 iam
1677 2057 1872 2115 antea
1896 2051 2137 2115 divorsi
2163 2053 2456 2115 audistis.

93 2169 139 2212 15
167 2154 466 2217 Ceterum
503 2151 659 2214 mihi
693 2152 761 2215 in
794 2153 930 2217 dies
964 2153 1169 2233 magis
1202 2153 1459 2217 animus
1493 2152 1885 2228 accenditur,
1923 2174 2069 2216 cum
2106 2153 2458 2227 considero,

169 2332 263 2374 and
302 2342 552 2375 resources
589 2332 639 2374 in
679 2331 764 2375 the
802 2336 923 2375 east.
997 2332 1268 2377 cuiusvis:

172 2399 384 2450 ‘anyone
410 2410 508 2450 you
534 2399 710 2442 choose
734 2404 787 2442 to
812 2400 989 2449 name,'
1018 2400 1139 2451 ‘any
1164 2410 1269 2451 per·

168 2476 252 2508 son
279 2465 621 2509 whatsoever.'
682 2474 835 2517 opos:
891 2465 1172 2516 ‘strength.'

228 2536 302 2582 21,
346 2535 421 2575 22.
459 2532 739 2577 confisum
781 2563 795 2576 .
839 2562 852 2576 .
897 2562 910 2576 .
948 2533 1090 2576 roro:
1166 2533 1268 2575 The

168 2598 316 2642 direct
347 2601 474 2641 form
504 2599 665 2643 would
707 2600 768 2643 be
808 2601 1003 2652 confido,
1033 2600 1079 2642 si
1105 2600 1269 2642 coniu-

173 2666 306 2707 ratio
334 2665 558 2708 valuerit
583 2665 863 2717 prinoipem
887 2676 967 2710 me
994 2667 1118 2718 tore.
1165 2666 1264 2707 For

171 2732 311 2774 tense
335 2731 392 2773 of
415 2732 665 2774 valuisset
690 2744 771 2775 see
793 2734 851 2778 A.
878 2733 990 2783 589,
1016 2744 1061 2783 a,
1090 2733 1134 2783 3,
1161 2744 1263 2776 sec-v

171 2799 265 2840 ond
290 2798 552 2849 example3
583 2799 638 2842 B.
667 2800 778 2847 319.
807 2800 863 2841 Β.
892 2809 952 2850 a:
984 2801 1046 2843 H.
1074 2799 1185 2851 644,
1212 2800 1259 2845 2.

169 2863 314 2911 mos:
339 2864 430 2910 the
458 2865 821 2915 conspirators.

226 2996 304 3048 [In
347 2996 561 3048 chapters
607 2998 683 3049 18,
734 2998 792 3041 1⁹
836 2997 910 3041 the
952 2997 1121 3041 author
1161 3009 1266 3050 coes

167 3063 274 3106 back
304 3064 403 3107 and
429 3065 556 3115 aives
585 3074 711 3106 some
739 3066 933 3107 account
962 3066 1011 3116 or
1038 3065 1112 3108 the
1143 3066 1264 3118 ‘first

166 3130 473 3181 conspirat-yx
502 3130 651 3173 which
677 3131 724 3173 is
751 3132 959 3175 outlined
986 3133 1264 3183 sufficientlv

165 3195 216 3238 in
240 3207 328 3239 our
350 3196 678 3241 Introduction
703 3209 753 3248 p.
784 3198 855 3248 19,
890 3198 1138 3250 §523—25J

224 3263 317 3306 His
370 3264 563 3306 address
618 3265 664 3306 to
719 3264 792 3306 the
846 3265 1099 3308 assembled
1153 3276 1261 3308 con-

164 3330 398 3379 spirator-⁸.

224 3391 314 3445 20.
355 3400 397 3441 1.
431 3406 522 3441 eos
560 3424 575 3437 .
612 3427 627 3442 .
660 3424 675 3444 0
713 3399 1060 3442 convenisse:
1111 3400 1173 3443 cf.
1207 3400 1262 3442 in

166 3472 310 3506 unum
337 3465 494 3507 omnis
519 3466 750 3514 convocat,
783 3466 862 3508 1⁷.
892 3468 934 3515 4,
965 3469 1008 3509 5.

224 3533 267 3573 2.
300 3531 362 3573 in
386 3537 533 3573 rem·
588 3531 664 3574 ‘to
692 3530 777 3575 the
803 3532 1048 3585 purpose!

224 3599 266 3641 5.
301 3597 537 3642 huiusce
564 3598 744 3642 modi:
797 3610 876 3642 see
903 3600 1170 3643 references
1196 3611 1261 3643 on

168 3661 205 3705 1.
226 3665 273 3707 2.
300 3667 356 3707 10

223 3732 266 3774 6.
300 3733 582 3783 spectata:
661 3732 723 3780 cf.
782 3734 931 3784 arata,
975 3736 1024 3777 δ.
1065 3736 1109 3777 3.
1182 3732 1260 3776 to-

168 3799 337 3842 rent==
363 3802 513 3843 essm
548 3800 626 3849 (A.
652 3802 750 3844 170.
787 3811 839 3848 a,
867 3800 924 3843 Β.
955 3811 1004 3852 p.
1027 3803 1101 3850 57.
1134 3801 1261 3843 foot-

171 3869 276 3908 note
299 3869 348 3909 2:
376 3867 520 3909 H.-B-
554 3869 660 3917 154.
690 3866 758 3917 1).

1425 2333 1563 2376 7-10.
1599 2331 1902 2383 occidisset,
1960 2331 2217 2384 tuissent,
2275 2333 2462 2384 capta-

1360 2408 1505 2442 rem:
1549 2400 1601 2441 in
1644 2399 1872 2451 apodosis
1922 2400 2243 2449 (conclusion)
2280 2405 2332 2442 to
2377 2400 2462 2443 the

1361 2465 1495 2508 third
1535 2468 1661 2508 form
1701 2466 1953 2508 condItion
1994 2467 2049 2508 ni
2090 2498 2102 2509 .
2202 2498 2214 2510 .
2256 2469 2461 2517 spectata

1359 2532 1530 2583 rorent:
1560 2537 1679 2575 note
1709 2531 1795 2574 the
1825 2531 2011 2583 change
2042 2534 2094 2574 or
2125 2538 2262 2576 tense
2293 2534 2343 2575 in
2376 2534 2461 2576 the

1359 2598 1569 2641 last—‘I
1595 2598 1770 2641 should
1795 2603 1881 2641 not
1907 2610 2011 2641 ηοω
2036 2600 2095 2642 be
2120 2601 2349 2652 grasping
2371 2605 2423 2642 at
2446 2599 2462 2622 ³

1357 2665 1575 2709 incerta
1622 2672 1722 2717 pro
1770 2665 1956 2708 certis:
2052 2678 2106 2708 as
2152 2667 2203 2708 in
2253 2667 2332 2710 1⁷.
2386 2669 2442 2710 16

1359 2731 1795 2783 tempestatibus
1806 2741 1819 2775 ε
1860 2733 1869 2748 ·
1880 2734 2215 2783 emergencies,
2223 2732 2236 2753 '
2259 2734 2270 2750 ⁸
2280 2733 2460 2776 crisesl

1357 2800 1536 2849 tortis.
1573 2798 1736 2842 fidon:
1798 2799 2178 2851 corresponding
2208 2804 2261 2842 to
2293 2791 2457 2850 virtus,

1357 2868 1485 2917 fides,
1509 2865 1541 2909 1.
1566 2868 1611 2909 6.

1424 2935 1495 2975 11,
1532 2932 2000 2984 pulcherrumum
2018 2933 2263 2977 facinus:
2305 2934 2456 2977 ‘most

1356 2999 1570 3050 glorious
1596 2999 1752 3043 deed.'
1812 2999 1940 3043 Note
1965 3000 2050 3042 the
2075 3000 2266 3043 neutral
2291 3012 2458 3043 mean-

1355 3067 1440 3117 ing
1470 3068 1522 3109 ot
1551 3067 1745 3117 facinus
1782 3067 1832 3116 (a
1864 3078 1951 3109 vox
1982 3068 2156 3116 media:
2189 3068 2251 3110 cf.
2287 3068 2356 3110 IV
2406 3070 2456 3111 ⁶.

1354 3134 1453 3184 34),
1523 3135 1753 3184 meaning
1816 3134 1996 3185 simply
2064 3135 2200 3184 ‘act,’
2267 3134 2456 3184 though

1355 3199 1550 3252 usually
1589 3201 1738 3243 taken
1778 3200 1828 3242 in
1868 3211 1897 3242 a
1936 3200 2035 3243 bad
2074 3212 2225 3244 sense.
2298 3200 2455 3244 vobis

1354 3268 1575 3311 eadem:
1659 3268 1779 3319 ‘you
1820 3266 1948 3310 have
1989 3267 2074 3311 the
2114 3278 2248 3310 same
2288 3266 2455 3309 condi-

1355 3335 1498 3384 tions‚
1536 3334 1661 3385 good
1695 3333 1794 3376 and
1827 3333 1941 3383 bad,
1977 3345 2031 3376 as
2066 3334 2123 3378 I.'
2191 3335 2254 3377 of
2285 3344 2455 3376 course

1353 3401 1474 3444 with
1501 3413 1619 3452 quae
1643 3413 1716 3444 we
1743 3406 1875 3444 must
1905 3400 2086 3453 supply
2112 3403 2239 3445 sunt.

1420 3471 1491 3518 12.
1519 3471 1591 3511 13.
1614 3467 1772 3519 velle,
1796 3467 1969 3512 nolle:
1996 3469 2081 3511 the
2100 3468 2198 3510 real
2220 3468 2456 3517 thought—

1353 3535 1571 3586 subjects
1613 3536 1665 3577 of
1706 3537 1784 3585 est.
1813 3535 2001 3586 though
2039 3536 2269 3587 repeated
2307 3534 2355 3576 in
2382 3543 2451 3582 ea.

1353 3601 1513 3644 which
1544 3613 1709 3652 agrees
1740 3603 1789 3644 in
1821 3603 2001 3653 gender
2031 3601 2151 3644 with
2181 3601 2266 3644 the
2297 3600 2456 3653 predi-

1353 3672 1465 3711 cate
1495 3679 1628 3710 noun
1660 3669 1889 3712 amicitia.

1420 3737 1587 3778 14-16.
1623 3735 1853 3778 divorti:
1939 3734 2320 3786 ‘individually.’
2392 3733 2456 3777 ln

1354 3801 1496 3844 dies:
1586 3802 1734 3844 ‘from
1779 3802 1878 3854 day
1922 3806 1976 3845 to
2021 3802 2153 3853 day!
2231 3798 2456 3845 nosmet

1352 3867 1484 3919 ipsi·
1528 3868 1621 3910 ‘we
1641 3869 1888 3912 ourselves
1908 3869 2171 3917 champion
2190 3864 2454 3911 ourselves'
