2913 4338
316 263 441 325 252
991 265 1074 320 ΙΝ
1132 264 1190 321 C.
1250 263 1570 319 VERREM
1625 263 1852 319 ACTIO
1908 262 2152 318 PRIMA

415 439 754 502 Remenes
799 438 1159 517 frequentis
1204 441 1544 518 praeterea
1592 445 1752 499 civis
1788 442 1990 517 atque
2032 436 2259 512 socies,
2292 436 2535 517 quibus
2589 436 2743 517 ipse

412 546 686 616 insignis
726 536 995 599 iniurias
1035 536 1277 600 fecerit.
1367 535 1567 600 Videt
1607 536 1808 599 etiam
1850 542 1956 600 tot
1997 541 2138 599 tam
2177 545 2397 616 gravis
2439 537 2523 599 ab
2568 546 2744 600 ami-

415 615 687 701 cissimis
755 636 1136 699 civitatibus
1202 636 1578 716 legetienes,
1652 656 1802 699 cum
1868 636 2148 717 publicis
2216 636 2740 700 aucteritetibus
2869 701 2870 746 1

415 736 810 800 convenisse.
900 735 1083 812 Quae
1131 755 1278 798 cum
1328 736 1424 799 ita
1471 736 1624 812 sint,
1673 744 1881 815 usque
1927 745 2006 798 ee
2054 736 2135 799 de
2181 736 2487 799 omnibus
2535 737 2735 800 bonis
2757 738 2802 801 8
2869 749 2870 808 1

321 855 384 899 ιο
416 836 587 899 male
613 835 970 911 existimat,
1000 843 1208 915 sisque
1234 845 1313 898 ee
1339 835 1668 898 seneteria
1695 835 1937 898 iudicia
1960 835 2219 916 perdita
2246 836 2738 916 prefligetaque

414 956 554 1000 esse
581 935 956 1011 arbitretur,
986 940 1064 997 ut
1090 935 1212 998 hoc
1237 934 1459 1007 palam
1487 935 1766 1022 dictitet,
1785 944 1919 997 nen
1942 934 2081 998 sine
2102 944 2300 998 cause
2318 945 2388 998 se
2410 935 2733 1015 cupidum

413 1035 728 1118 pecuniae
807 1034 1021 1109 fuisse,
1103 1034 1413 1115 quoniam
1489 1034 1558 1095 in
1628 1034 1907 1115 pecunie.
1978 1040 2244 1097 tantum
2318 1035 2725 1114 praesidium

412 1135 785 1217 experietur
842 1154 1005 1197 esse:
1064 1143 1202 1197 sese
1244 1134 1357 1216 (id
1417 1133 1595 1215 quod
1653 1133 2103 1196 difficillimum
2162 1134 2385 1210 fuerit)
2451 1141 2724 1214 tempus

413 1237 629 1316 ipsum
655 1234 884 1297 emisse
909 1233 1129 1296 iudicii
1153 1243 1271 1309 sui,
1300 1244 1433 1313 que
1460 1240 1675 1296 cetera
1699 1233 1952 1296 facilius
1975 1252 2188 1295 emere
2211 1240 2446 1313 postee
2468 1240 2695 1313 posset
2703 1255 2725 1311 ‚·

322 1354 381 1396 15
414 1341 509 1411 ut,
563 1334 875 1415 quoniam
926 1334 1268 1397 criminum
1299 1333 1435 1395 vim
1486 1332 1934 1413 subterfugere
1982 1332 2163 1395 nulle
2199 1332 2398 1397 mode
2426 1339 2716 1413 poterat,

413 1433 763 1516 procellam
792 1433 1107 1513 temporis
1135 1432 1479 1496 devitaret.

497 1533 689 1611 Quod
750 1542 806 1595 si
865 1542 1000 1595 nen
1060 1531 1256 1596 modo
1317 1532 1388 1594 in
1449 1542 1664 1609 causi,
1731 1542 1959 1596 verum
2022 1532 2093 1595 in
2154 1533 2372 1613 alique
2436 1532 2719 1597 honeste
2738 1536 2784 1597 9

412 1633 754 1716 praesidie,
820 1639 936 1695 aut
995 1632 1064 1694 in
1124 1631 1392 1694 alicuius
1452 1632 1826 1713 eloquentie.
1885 1638 2004 1696 aut
2060 1633 2291 1712 gretie,
2354 1651 2541 1712 spem
2603 1633 2722 1696 ali-

415 1752 614 1815 quam
661 1732 1079 1807 conlocasset,
1125 1731 1419 1812 profecte
1465 1741 1601 1794 nen
1643 1732 1802 1795 haec
1848 1732 2070 1795 omnia
2115 1732 2465 1811 conligeret
2512 1738 2717 1813 atque

318 1853 382 1895 20
416 1838 877 1913 aucuparetum
929 1841 1064 1893 nen
1114 1839 1320 1911 usque
1369 1841 1448 1894 ee
1500 1831 1859 1911 despiceret
1910 1837 2487 1912 contemneretque
2540 1831 2712 1894 erdi-

413 1953 564 1995 nem
604 1931 1023 2007 seneterium,
1065 1936 1157 1994 ut·
1183 1931 1506 1994 arbitratu
1546 1930 1684 1993 eius
1723 1930 2108 2010 deligeretur
2159 1951 2243 1993 ex
2292 1937 2549 2007 senatu,
2602 1938 2721 2012 qui

413 2052 560 2096 reus
630 2033 838 2109 fieret;
909 2040 1041 2112 qut,
1116 2031 1275 2094 dum
1345 2031 1448 2094 hic
1520 2050 1690 2111 quae
1759 2050 1925 2110 opus
1993 2036 2209 2093 essent
2280 2037 2714 2111 compareret,

416 2152 679 2197 causam
738 2131 988 2195 interea
1046 2136 1198 2195 ante
1256 2150 1406 2194 eum
1468 2131 1727 2194 diceret.
1817 2129 2069 2207 Quibus
2126 2150 2244 2210 ego
2302 2131 2498 2194 rebus
2557 2130 2719 2212 quid
2744 2133 2819 2196 10

415 2234 539 2296 iste
585 2238 802 2313 speret
845 2238 914 2295 et
957 2241 1090 2312 que
1135 2231 1426 2294 animum
1472 2230 1795 2306 intendat,
1843 2230 2032 2294 facile
2075 2230 2411 2311 perspicis).
2502 2231 2720 2307 Quam

320 2354 385 2396 25
416 2334 501 2396 ob
541 2352 679 2394 rem
719 2341 874 2394 vere
913 2341 981 2394 se
1021 2331 1314 2394 cenfidat
1352 2329 1600 2412 aliquid
1638 2331 1944 2411 perficere
1980 2350 2189 2411 posse,
2231 2330 2353 2393 hec
2392 2336 2717 2411 praetere,

416 2437 487 2495 et
522 2432 643 2495 hec
683 2431 966 2506 censilie,
1005 2430 1374 2510 intellegere
1409 2440 1545 2492 nen
1578 2449 1864 2511 possum.
1956 2423 2178 2493 Unum
2216 2430 2374 2493 illud
2412 2430 2719 2510 intellege

1607 2616 1661 2650 so
1697 2609 1898 2658 exempt
1936 2607 2066 2650 from
2103 2605 2190 2649 the
2223 2606 2355 2649 mles
2389 2606 2470 2650 lor
2504 2605 2716 2651 indirect

1606 2672 1854 2716 discourse
1881 2673 1963 2722 (ct.
1986 2674 2038 2717 2.
2064 2673 2162 2724 16).
2407 2709 2412 2714 .

1673 2742 1842 2784 17-20.
1868 2748 2062 2785 eausa:
2112 2739 2210 2783 ‘his
2232 2740 2376 2791 eese,’
2404 2740 2516 2784 ‘the
2538 2740 2718 2792 justice

1606 2806 1661 2849 of
1700 2806 1777 2850 his
1818 2806 1997 2851 cause!
2071 2807 2368 2859 presumo:
2457 2806 2717 2851 ‘defense'

1571 2899 1576 2904 -
1607 2872 1949 2917 conlocasset
1986 2903 2001 2918 .
2037 2900 2055 2918 .
2091 2903 2107 2918 .
2141 2874 2546 2924 aucuparetur:
2614 2874 2716 2918 The

419 2606 706 2659 eitizenship
751 2606 1115 2661 (Introduction
1155 2617 1204 2659 p.
1246 2607 1320 2656 49.
1367 2604 1522 2658 ulo-

421 2676 504 2724 233
536 2674 600 2718 ct.
637 2674 701 2717 M.
736 2673 791 2717 L.
826 2675 876 2717 ’1.
910 2673 979 2724 9).
1044 2672 1378 2724 nequeatis:
1446 2673 1520 2716 ‘in

421 2744 560 2793 great
593 2739 860 2784 numbers!
923 2739 1142 2783 tenerit:
1206 2750 1238 2782 a
1270 2744 1381 2783 true
1412 2750 1521 2792 per-

420 2807 699 2852 fect—‘has
723 2805 884 2850 done!
943 2806 1068 2849 How
1092 2807 1135 2848 is
1159 2805 1245 2850 the
1269 2805 1416 2849 mood
1435 2817 1521 2848 ex-

422 2873 648 2928 plained?
709 2873 798 2916 tot
829 2873 954 2916 tam
985 2873 1195 2924 mm}
1259 2872 1335 2915 ‘so
1367 2883 1521 2924 many

421 2941 636 2993 weighty
660 2940 1108 2984 embassies’qam
1131 2941 1220 2982 not
1245 2938 1519 2983 translated

427 3007 1021 3118 (1·8·⁸··9g.otmunbm=
1142 3071 1521 3125 ‘documentary

420 3140 685 3185 evidence!

491 3210 565 3296 103
597 3216 778 3259 usque
834 3215 927 3251 eo:
1013 3206 1092 3250 ‘to
1162 3206 1284 3250 such
1345 3218 1376 3250 a
1436 3206 1521 3250 de-

419 3285 545 3326 gree.

489 3343 559 3391 13,
591 3344 663 3385 14.
689 3340 1029 3392 exportatus-z
1074 3340 1204 3383 after
1226 3351 1258 3384 a
1278 3343 1391 3384 true
1413 3351 1523 3393 per-

422 3408 521 3451 fect
545 3408 801 3457 infinitive.
827 3407 925 3450 like
948 3407 1111 3459 posca.
1136 3408 1187 3450 2.
1215 3410 1288 3451 14.
1347 3407 1522 3450 Notice

421 3474 535 3517 that
556 3475 722 3517 emisse
746 3473 799 3523 (l.
825 3474 905 3525 14)
926 3473 968 3515 is
987 3472 1211 3516 followed
1233 3473 1302 3526 by
1321 3473 1522 3517 second-

421 3551 514 3592 ary
537 3541 774 3584 tenses—⁴
784 3540 846 3583 he
868 3539 1054 3590 bought
1084 3539 1172 3592 (by
1193 3539 1412 3592 bribery)
1435 3540 1522 3584 the

421 3618 543 3660 very
576 3608 696 3650 time
728 3607 781 3650 of
812 3606 888 3659 liis
921 3606 1050 3656 trial,
1086 3605 1198 3649 that
1232 3605 1294 3649 he
1327 3607 1519 3658 might,'

420 3678 515 3719 etc.
600 3674 805 3718 cetera:
855 3672 943 3716 the
990 3672 1119 3725 jury,
1173 3672 1385 3726 perhaps
1434 3673 1521 3717 the

422 3744 719 3793 prosecutor.

489 3810 561 3851 15.
596 3807 926 3850 cuminum:
966 3806 1329 3850 ‘accusamus’
1367 3808 1520 3859 poto-

420 3875 535 3917 nt:
585 3874 670 3917 the
694 3872 940 3925 speaker’s
977 3883 1088 3916 own
1127 3878 1390 3924 comment.
1417 3875 1518 3918 and

1606 2942 1771 2984 tenses
1808 2951 1892 2984 are
1928 2941 2284 2993 expressive—⁸
2296 2940 2343 2984 11
2379 2939 2443 2984 he
2481 2939 2585 2983 had
2624 2944 2712 2985 not

1608 3038 1621 3050 .
1663 3037 1678 3051 .
1719 3039 1733 3052 .
1774 3006 1837 3050 he
1874 3007 2038 3050 would
2078 3010 2167 3050 not
2206 3017 2312 3050 now
2349 3006 2412 3050 be
2452 3007 2715 3059 guthering

1605 3074 1707 3117 and
1736 3074 1938 3125 secking
1965 3074 2031 3117 all
2061 3073 2223 3117 these'
2255 3073 2492 3117 unlawtul
2523 3085 2713 3118 means.

1669 3143 1840 3185 21-23.
1875 3141 1943 3184 ut
1979 3170 1994 3185 .
2031 3170 2046 3185 .
2082 3170 2097 3185 .
2130 3140 2311 3184 fleret:
2377 3139 2513 3183 ‘that
2547 3143 2602 3184 at
2634 3140 2710 3183 his

1607 3206 1829 3259 pleasure
1852 3219 1883 3251 a
1907 3207 2127 3252 member
2151 3208 2205 3250 of
2228 3207 2313 3250 the
2336 3210 2508 3250 senate
2532 3205 2709 3250 should

1608 3273 1670 3317 be
1711 3273 1890 3317 chosen
1931 3285 1988 3317 as
2029 3272 2332 3323 defendant?
2373 3274 2426 3316 in
2468 3273 2558 3317 the
2598 3284 2709 3317 cese

1607 3340 1771 3384 whose
1790 3341 1911 3393 only
1930 3351 2142 3393 purpooe
2161 3351 2263 3383 was
2283 3343 2337 3383 to
2358 3344 2604 3393 postpone
2623 3340 2709 3384 the

1608 3407 1723 3450 trin-l
1749 3407 1803 3451 οἱ
1830 3408 2000 3451 Verres
2031 3408 2100 3456 (2.
2128 3407 2228 3458 27).
2289 3414 2453 3458 opus:
2504 3406 2627 3450 used
2653 3417 2709 3450 es

1607 3485 1638 3517 a
1681 3474 1930 3528 predicate
1972 3473 2220 3525 adjective
2267 3473 2345 3523 (A.
2391 3475 2499 3524 411.
2546 3473 2601 3523 b:
2645 3474 2707 3518 Β.

1608 3541 1713 3591 218,
1763 3543 1806 3591 2,
1855 3551 1907 3590 az
1954 3540 2018 3584 H.
2068 3543 2175 3591 477,
2222 3539 2317 3590 111,
2366 3543 2508 3590 note:
2557 3540 2705 3585 H.-B.

1608 3610 1712 3658 430,
1742 3610 1792 3658 23
1817 3606 2191 3659 a)-·needtu1.’
2249 3607 2406 3651 ante:
2456 3617 2707 3660 expresses

1607 3675 1742 3719 time.

1669 3743 1838 3787 24-26.
1873 3750 2011 3794 quo:
2067 3742 2144 3785 ‘to
2171 3742 2304 3785 what
2333 3741 2467 3786 end!
2527 3749 2705 3794 quum.

1607 3808 1678 3852 ob
1704 3817 1825 3852 rem
1858 3837 1872 3852 .
1906 3838 1920 3853 .
1954 3838 1968 3853 .
1998 3808 2268 3853 confidet:
2324 3808 2534 3852 indit-eet
2564 3819 2705 3859 ques·

1604 3876 1724 3920 tion.
1776 3875 1882 3920 hee
1910 3876 2183 3929 praetore:
2228 3875 2425 3919 Glabrio
2481 3876 2550 3925 (2.
2605 3875 2702 3927 ιο),
