2913 4338
986 305 1100 360 EP.
1142 311 1196 372 2,
1240 301 1275 381 ξ
1325 311 1377 374 3;
1422 309 1476 373 3,
1519 301 1554 381 g
1606 310 1706 361 1-:3
2463 304 2579 368 341

202 479 490 558 cupiduS‚
552 485 757 542 nostri
817 479 1318 556 amantissimuS,
1382 480 1466 542 ad
1524 486 1592 543 te
1647 479 2176 560 proficisceretur,
2240 478 2485 561 aliquid

202 579 358 639 mihi
393 579 804 641 scribendum
840 584 1094 659 putav1,
1133 579 1513 660 praesertim
1551 600 1701 642 oum
1740 578 1926 642 aliter
1960 579 2085 660 ipsi
2122 579 2485 660 Pomponio

199 679 563 741 satisfacere
588 688 720 741 non
743 676 1020 760 possem.
1110 680 1248 758 Ego
1272 688 1327 742 si
1353 681 1471 742 abs
1494 685 1563 743 te
1586 699 1844 742 summa
1867 679 2078 743 officia
2102 679 2476 756 desiderem,
2498 685 2542 744 2

199 788 430 839 mirum
470 779 713 843 nemini
749 779 955 842 videri
993 779 1254 856 debeam
1293 779 1515 843 omnia
1550 779 1723 841 enim
1762 788 1803 842 a
1838 788 1944 843 me
1979 779 2048 841 in
2084 785 2154 842 te
2188 780 2484 860 profecta

119 897 168 938 10
196 885 367 955 sunt,
412 899 581 959 quae
625 878 710 942 ad
753 884 942 941 tuum
987 879 1422 956 commodum,
1470 900 1638 960 quae
1681 879 1766 942 ad
1808 879 2138 956 honorem,
2184 898 2353 959 quae
2397 878 2482 941 ad

195 977 581 1057 dignitatem
616 978 1043 1059 pertinerent:
1077 988 1197 1060 pro
1232 979 1332 1041 his
1364 980 1559 1043 rebus
1592 978 1837 1042 millam
1873 978 2033 1041 mihi
2068 980 2185 1042 abs
2220 985 2288 1042 te
2322 979 2484 1044 rela-

194 1084 331 1141 tam
363 1099 496 1141 esse
523 1079 802 1158 gratiam
831 1084 907 1141 tu
935 1099 1004 1141 es
1030 1079 1320 1160 optimus
1346 1079 1553 1156 testiS,
1584 1085 1815 1143 contra
1838 1079 2039 1142 etiam
2067 1098 2204 1141 esse
2232 1078 2480 1159 aliquid

193 1179 307 1241 abs
324 1184 394 1241 te
405 1177 770 1258 profectum
785 1197 869 1240 ex
883 1179 1106 1241 multis
1127 1179 1350 1241 audivi
1358 1199 1375 1255 3
1396 1199 1551 1241 nam
1563 1175 1987 1260 ‘comperisse'
2001 1189 2106 1242 me
2124 1187 2256 1240 non
2274 1178 2484 1241 audeo

193 1278 420 1354 dicere,
462 1288 545 1341 ne
584 1278 752 1342 forte
791 1278 858 1340 id
898 1279 1112 1358 ipsum
1152 1280 1425 1342 verbum
1465 1287 1727 1360 ponam,
1770 1279 1948 1360 quod
1989 1280 2106 1342 abs
2164 1284 2233 1342 te
2293 1278 2479 1341 aiunt

114 1396 163 1437 15
193 1378 357 1440 falso
384 1378 450 1439 in
472 1387 576 1441 me
597 1378 797 1441 solere
820 1379 1093 1440 conferri
1102 1398 1118 1455 ;
1146 1378 1260 1441 sed
1286 1398 1384 1456 ea,
1416 1399 1585 1460 quae
1613 1379 1697 1442 ad
1725 1388 1831 1443 me
1858 1378 2077 1443 delata
2103 1384 2277 1454 sunt,
2308 1377 2483 1441 malo

192 1484 255 1541 te
286 1498 373 1540 ex
401 1477 781 1557 Pomponio,
816 1478 919 1541 cui
949 1486 1080 1540 non
1111 1478 1325 1540 minus
1355 1479 1630 1542 molesta
1659 1478 1943 1555 fuerunt,
1978 1499 2175 1559 quam
2206 1498 2290 1540 ex
2319 1487 2478 1541 meis

190 1578 422 1640 litteris
463 1585 859 1657 cognoscere.
950 1578 1130 1641 Meus
1168 1578 1236 1640 in
1276 1584 1345 1642 te
1385 1579 1640 1641 animus
1680 1599 1878 1659 quam
1918 1578 2226 1657 singulari
2264 1577 2473 1641 officio

191 1678 404 1753 fuerit,
453 1683 522 1740 et
568 1683 833 1740 senatus
879 1683 947 1740 et
991 1678 1271 1758 populus
1319 1678 1656 1741 Romanus
1713 1679 1899 1741 testis
1963 1684 2091 1744 est:
2137 1684 2213 1741 tsi
2280 1696 2479 1759 quam

188 1784 412 1856 gratus
459 1786 612 1856 erga
660 1786 765 1840 me
813 1777 1027 1853 fueriS,
1078 1777 1215 1857 ipse
1263 1779 1634 1841 existimare
1682 1784 1870 1858 potes
1878 1799 1895 1856 ;
1944 1784 2269 1859 quantum
2318 1778 2477 1840 mihi

109 1895 161 1936 20
189 1877 445 1954 debez'ffi,
503 1884 701 1940 ceteri
755 1877 1147 1944 existiment.
1238 1878 1376 1957 Ego
1432 1897 1600 1957 quae
1655 1885 1774 1941 tua
1828 1888 2024 1942 eausa
2079 1884 2276 1942 antea
2328 1878 2469 1955 feei,
2491 1881 2532 1941 3

187 1978 533 2040 voluntate
585 1997 731 2038 sum
787 1962 1110 2040 adductus
1161 1982 1522 2057 posteaque
1595 1978 1989 2054 constantia;
2042 1978 2156 2040 sed
2210 1977 2475 2057 reliqua,

188 2077 352 2138 mihi
375 2077 580 2152 crede,
606 2077 817 2138 multo
839 2077 1049 2139 maius
1072 2097 1289 2140 meum
1313 2077 1605 2139 studium
1628 2076 2065 2157 maioremque
2087 2077 2479 2157 gravitatem

187 2184 254 2240 et
290 2178 583 2240 laborem
623 2178 1018 2254 desiderant;
1057 2197 1225 2258 quae
1261 2197 1378 2256 ego
1416 2186 1472 2239 si
1508 2186 1639 2239 non
1675 2178 2064 2258 profundere
2102 2198 2177 2241 ae
2213 2177 2480 2258 perdere

190 2278 482 2354 videbor,
534 2278 837 2342 omnibus
886 2287 1046 2340 meis
1095 2278 1342 2341 viribus
1391 2278 1751 2354 sustinebo;
1801 2285 1901 2339 sin
1952 2284 2172 2340 autem
2222 2276 2479 2357 ingrata

110 2396 162 2437 25
189 2397 323 2440 esse
357 2377 639 2440 sentiam
676 2385 807 2439 non
844 2378 1274 2453 committam,
1311 2383 1389 2440 ut
1423 2377 1548 2440 tibi
1580 2377 1705 2457 ipsi
1737 2386 2016 2440 insanire
2050 2377 2291 2439 videar.
2382 2377 2482 2440 Ea

189 2497 354 2558 quae
421 2476 555 2540 sint
619 2484 687 2540 et
753 2478 1131 2552 cuiusmodi,
1198 2477 1442 2558 poteris
1505 2497 1589 2539 ex
1653 2477 2012 2557 Pomponio
2076 2485 2474 2557 cognoscere.

190 2578 406 2657 Atque
448 2577 664 2657 ipsum
707 2577 830 2640 tibi
873 2578 1305 2657 Pomponium
1348 2577 1444 2640 ita
1486 2576 1889 2651 commendo,
1932 2582 2029 2652 ut,
2074 2596 2477 2657 quamquam

191 2671 387 2757 ipsius
443 2685 641 2739 causa
693 2677 953 2740 confido
1006 2682 1073 2740 te
1127 2677 1451 2740 facturum
1508 2696 1644 2738 esse
1697 2676 1935 2754 omnia,
1983 2682 2204 2739 tamen
2249 2677 2366 2739 abs
2410 2681 2478 2738 te

193 2885 207 2899 .
234 2886 248 2899 .
277 2886 291 2898 .
318 2853 607 2898 ostenda-em
634 2863 884 2905 expresses
910 2864 1137 2906 purpose.
1198 2862 1290 2897 me

92 2926 103 2937 ·
189 2920 478 2973 rogarent:
548 2930 616 2963 sc.
649 2920 830 2963 litteras
862 2920 1287 2964 commendaticias.

191 2987 251 3031 ⁸1¹.
295 2988 666 3038 Pomponius:
752 2987 950 3029 Atticus
997 2987 1097 3035 (see
1136 2986 1290 3029 intro-

190 3052 400 3106 ductory
430 3057 549 3097 note
575 3056 632 3097 to
659 3053 754 3106 Ep.
784 3053 853 3103 1).
912 3052 1002 3096 tul
1029 3053 1288 3103 cupidus:

194 3121 319 3164 ‘well
359 3118 594 3172 disposed
631 3123 688 3164 to
727 3119 861 3173 you!
933 3119 1134 3163 nostrl:
1213 3119 1289 3161 tor

189 3196 295 3231 case
325 3189 403 3239 (so
428 3186 527 3238 tui)
551 3187 651 3230 and
675 3186 805 3230 form
828 3196 908 3229 see
932 3197 997 3228 on
1023 3185 1109 3229 IV.
1134 3187 1184 3229 9.
1214 3187 1287 3229 15.

191 3255 523 3307 praesertim
543 3262 703 3299 oum:
750 3252 1031 3305 ‘especially
1053 3252 1141 3297 as,'

249 3324 391 3365 8—13.
416 3320 752 3365 defluerent
796 3319 998 3362 ‘claimx'
1019 3319 1181 3362 notice
1203 3319 1288 3362 the

190 3388 415 3432 different
441 3388 670 3439 meaning
691 3388 745 3430 in
769 3386 863 3438 Ep.
886 3386 937 3430 2.
965 3388 1039 3429 13.
1098 3386 1287 3429 omma

192 3455 439 3506 moreat».
482 3454 645 3499 nunt:
733 3464 814 3496 see
857 3464 924 3495 on
969 3452 1066 3496 111.
1113 3455 1163 3496 6.
1212 3454 1283 3502 10,

191 3521 272 3566 1v.
294 3524 376 3565 11.
400 3523 539 3565 1-10.
589 3520 973 3570 commodum,
994 3518 1282 3570 honorem,

191 3588 557 3640 dignitatem:
644 3587 730 3631 the
773 3587 1019 3639 province,
1065 3586 1286 3637 triumph

190 3656 283 3698 and
306 3654 530 3709 political
554 3655 768 3708 position
790 3655 843 3697 ot
866 3655 1087 3705 Antony.
1143 3661 1286 3704 quae

191 3722 258 3766 ad
283 3753 298 3766 .
325 3752 341 3766 .
369 3752 385 3766 .
410 3730 556 3773 quae
578 3722 651 3765 ad
678 3751 691 3764 .
720 3751 734 3765 .
763 3751 776 3764 .
800 3729 944 3773 quae
965 3720 1062 3763 ad:
1105 3720 1286 3770 figure?

192 3796 308 3839 pro:
369 3800 427 3832 as
456 3789 509 3831 in
543 3789 630 3832 IV.
663 3790 742 3831 11.
774 3789 819 3832 6.
884 3788 1079 3831 centn
1110 3787 1288 3830 etlam

191 3863 318 3909 une,
360 3860 479 3900 ete.:
561 3856 696 3907 may.
739 3855 762 3897 1
802 3855 931 3898 have
969 3854 1119 3898 heard
1160 3854 1286 3896 from

192 3932 335 3976 many
363 3924 476 3967 that
504 3923 782 3973 something
806 3922 891 3965 the
915 3932 1036 3974 very
1060 3922 1285 3974 opposite

1374 2853 1445 2909 [ot
1472 2852 1738 2908 gratitudo]
1765 2852 1856 2895 has
1882 2851 2150 2904 prooeeded
2179 2853 2307 2896 from
2335 2851 2476 2904 you?

1374 2920 1537 2962 contra
1555 2919 1598 2961 is
1617 2930 1683 2962 an
1704 2918 1820 2962 adv.
1842 2919 1942 2962 and
1962 2919 2028 2961 its
2050 2919 2263 2971 position
2286 2919 2327 2960 is
2349 2928 2472 2971 very

1375 2985 1646 3037 emphatic3
1683 2985 1760 3027 tor
1795 2984 1863 3027 its
1899 2985 2194 3029 attributive
2232 2995 2370 3027 sense
2409 2985 2474 3028 ct.
2525 3029 2535 3036 ‚

1375 3052 1544 3102 adhuc,
1571 3051 1640 3095 11.
1666 3052 1747 3095 12.
1774 3053 1848 3096 17.
1904 3051 2258 3103 comperisse:
2304 3061 2385 3094 see
2407 3062 2475 3093 on

1441 3187 1609 3228 15-20.
1630 3183 1796 3229 tuso:
1837 3195 1953 3235 goes
1971 3183 2094 3228 with
2112 3183 2331 3235 conta-12⁸.
2385 3192 2473 3228 ου

1376 3251 1583 3297 Cicero’s
1647 3252 1927 3302 grievanoes
1993 3251 2186 3302 against
2253 3252 2472 3302 Antony.

1375 3318 1535 3362 Meus
1589 3319 1958 3369 ammas-eqo
2023 3318 2107 3368 (ct.
2147 3317 2241 3369 Ep.
2279 3317 2329 3360 2.
2371 3319 2473 3370 17).

1376 3385 1581 3430 omnio:
1625 3383 1912 3428 ‘devotion.’
1965 3383 2312 3427 antumant:
2370 3381 2475 3434 jus·

1374 3452 1496 3496 sive.

1436 3521 1607 3563 21-28.
1628 3526 1760 3563 sum
1778 3517 2079 3561 adductum
2110 3528 2176 3561 sc.
2191 3518 2243 3560 ut
2257 3517 2470 3569 tacerem.

1374 3586 1718 3629 constantia:
1797 3584 2157 3637 ‘consistency.’
2228 3582 2466 3635 reliqua:

1374 3653 1460 3696 the
1482 3651 1769 3696 threatened
1802 3652 1899 3694 suit.
1931 3652 2007 3694 for
2039 3651 2469 3700 misgovernment.

1374 3719 1716 3763 desiderant}
1755 3729 1811 3761 as
1833 3717 1886 3761 in
1909 3717 1942 3762 1.
1963 3719 2010 3761 8.
2052 3725 2220 3768 quae:
2247 3717 2396 3758 refers
2415 3719 2471 3758 to

1373 3787 1645 3838 qram'tatem
1677 3785 1775 3827 and
1807 3786 2024 3828 laborem:
2088 3783 2164 3825 ror
2196 3782 2373 3832 gender
2404 3782 2469 3825 cf.

1375 3853 1444 3896 ΙΙ.
1489 3854 1539 3896 9.
1588 3855 1659 3895 13.
1737 3851 2068 3903 protundum
2110 3858 2176 3892 ao
2220 3848 2467 3899 perdere:

1373 3920 1466 3970 i.e.,
1504 3919 1569 3961 do
1603 3918 1739 3961 them
1774 3919 1894 3960 with
1927 3928 1991 3960 no
2026 3922 2194 3960 return
2228 3926 2284 3957 or
2320 3913 2468 3965 grati-
