2913 4338
245 297 370 358 ³38
874 299 1157 354 ORATIO
1217 298 1303 353 IN
1358 299 1774 354 CATILINAM
1830 299 2113 354 TERTIA

246 493 317 537 25
348 493 497 536 eum
565 474 997 553 quotiensque
1063 474 1411 549 venissent,
1483 478 2013 554 quaesissentque
2079 473 2163 536 ab
2231 483 2328 550 ee,
2398 472 2644 536 nihilne

343 582 565 636 secum
605 577 776 635 esset
818 573 899 636 de
938 574 1092 636 fatis
1132 573 1462 653 Sibyllinis
1499 573 1774 651 locutus,
1817 578 1963 635 tum
2002 572 2108 636 ille
2146 574 2366 636 subite
2405 573 2643 651 scelere

346 673 634 750 demenS‚
685 677 936 753 quanta
986 673 1413 736 censcientiae
1461 681 1562 734 vis
1608 677 1796 748 esset,
1847 672 2154 736 ostendit.
2246 673 2437 749 Nam,
2489 693 2642 736 cum

343 772 418 835 id
444 778 665 853 posset
692 772 977 848 infitiari,
1009 778 1273 852 repente
1301 778 1560 853 praeter
1587 773 1958 852 opinienem
1988 773 2281 836 omnium
2312 772 2645 836 cenfessus

348 878 466 936 est.
556 872 663 935 Ita
697 892 847 935 eum
883 882 1015 935 nen
1051 872 1245 936 modo
1280 873 1610 952 ingenium
1646 872 1805 935 illud
1839 878 1907 936 et
1943 872 2198 935 dicendi
2232 873 2643 949 exercitatis),

253 993 317 1036 30
348 981 482 1054 que
527 992 779 1052 semper
826 972 1055 1048 valuit,
1107 971 1221 1034 sed
1267 972 1468 1034 etiam
1515 978 1782 1052 propter
1829 972 1964 1033 vim
2013 972 2265 1035 sceleris
2314 973 2649 1036 manifesti

351 1078 550 1153 atque
583 1071 962 1151 deprehensi
994 1071 1399 1152 inpudentia,
1434 1081 1569 1152 qua
1600 1072 1952 1152 superabat
1984 1080 2214 1148 omnis,
2251 1072 2649 1153 inprobites-

348 1192 476 1253 que
535 1171 789 1236 defecit.
877 1173 1248 1237 Volturcius
1306 1181 1462 1235 vere
1520 1172 1740 1235 subite
1797 1172 2050 1235 litteras
2106 1172 2378 1253 preferri
2440 1178 2644 1253 atque
2670 1177 2757 1237 12

349 1280 581 1353 aperiri
612 1272 814 1349 iubet,
849 1282 1012 1353 quas
1044 1272 1165 1335 sibi
1197 1282 1237 1335 a
1271 1272 1548 1334 Lentule
1582 1271 1667 1334 ad
1698 1273 2045 1335 Catilinam
2079 1272 2270 1335 dates
2301 1292 2438 1335 esse
2473 1271 2647 1335 dice-

341 1375 477 1436 bat.
567 1374 785 1452 Atque
837 1372 930 1435 ibi
975 1371 1540 1434 vehementissime
1585 1373 2008 1451 perturbatus
2057 1372 2371 1434 Lentulus
2417 1377 2647 1434 tamen

250 1492 314 1535 35
345 1478 414 1535 et
479 1482 733 1552 signum
798 1478 868 1535 et
933 1492 1201 1535 manum
1268 1491 1453 1533 suam
1523 1471 1846 1551 cognevit.
1937 1473 2145 1534 Erant
2212 1477 2434 1534 autem
2502 1472 2643 1534 sine

342 1573 621 1649 nemine,
649 1572 907 1635 sedita:
953 1571 1212 1648 ‘Quis
1253 1570 1442 1647 sim,
1480 1571 1733 1634 scies
1780 1590 1886 1633 ex
1919 1580 2039 1647 ee,
2078 1590 2343 1651 quem
2389 1571 2498 1634 ad
2544 1578 2574 1635 t
2605 1583 2643 1638 e

342 1681 574 1735 misi.
655 1673 911 1749 Cura,
981 1676 1080 1734 ut
1160 1671 1307 1733 vir
1363 1679 1513 1746 sis,
1591 1676 1684 1733 et
1765 1671 2112 1750 cegite,
2197 1691 2462 1751 quem
2546 1672 2641 1734 in

342 1771 646 1836 locum
740 1780 874 1834 sis
965 1780 1562 1852 pregressus.
1652 1770 1903 1847 Vide,
2000 1770 2350 1851 ecquid
2442 1771 2640 1836 tibi

341 1872 518 1935 iam
587 1871 720 1936 sit
786 1892 1202 1947 necesse,
1279 1876 1372 1933 et
1440 1879 1680 1947 cura,
1768 1876 1869 1933 ut
1953 1870 2360 1935 omnium
2445 1872 2643 1935 tibi

247 1992 309 2035 40
341 1972 723 2035 auxilia
786 1971 1277 2051 adiungaS,
1364 1971 1657 2034 etiam
1739 1970 2342 2033 infimerum!
2443 1958 2646 2034 Gabi-

340 2071 486 2134 nius
551 2071 783 2135 deinde
827 2071 1240 2134 intreductus
1283 2091 1431 2132 cum
1498 2078 1708 2150 prime
1772 2070 2187 2150 impudenter
2251 2071 2643 2150 respondere

342 2172 676 2253 coepisset,
724 2172 809 2235 ad
849 2178 1216 2235 extremum
1259 2171 1418 2232 nihil
1460 2191 1544 2233 ex
1584 2171 1680 2247 iis,
1723 2191 1893 2251 quae
1935 2171 2104 2233 Galli
2143 2172 2640 2247 insimulabant,

338 2274 619 2352 negavit.
710 2273 802 2335 Ac
849 2272 1008 2334 mihi
1053 2271 1339 2352 quidem,
1389 2271 1691 2347 QuiriteS,
1740 2291 1889 2333 cum
1934 2264 2045 2332 ill'a
2090 2271 2447 2333 certissima
2494 2279 2639 2334 visa
2666 2277 2752 2337 13

337 2378 492 2435 sunt
533 2378 916 2452 argumenta
958 2376 1155 2451 atque
1195 2370 1432 2433 indicia
1473 2370 1745 2446 sceleriS,
1788 2370 2089 2447 tabellae,
2134 2379 2338 2450 signa,
2384 2379 2641 2448 manUS,

244 2491 306 2534 45
341 2472 619 2552 denique
651 2479 842 2534 unius
874 2471 1182 2551 cuiusque
1215 2470 1547 2545 cenfessic'),
1579 2476 1723 2532 tum
1747 2470 1958 2533 multe
1992 2471 2264 2533 certiera
2286 2469 2415 2545 illa,
2444 2470 2640 2546 color,

405 2636 478 2684 26,
515 2636 589 2677 27.
625 2641 842 2676 secum:
909 2631 983 2674 ‘to
1017 2631 1187 2681 them‚’
1221 2631 1306 2675 the
1336 2643 1441 2685 reg-
1475 2685 1480 2689 ⁸
1604 2630 1679 2672 37.
1717 2629 1882 2673 cura:
1934 2629 2070 2673 verb.
2129 2630 2239 2673 vir:
2290 2629 2533 2682 implying
2559 2630 2651 2674 the

339 2700 448 2744 ular
465 2700 800 2742 construction
817 2697 936 2741 with
955 2699 1128 2751 loquor.
1180 2699 1440 2747 nihil-ne:

339 2778 395 2810 as
419 2768 471 2810 in
494 2766 528 2809 l.
560 2768 632 2811 13.
704 2765 924 2817 quanta
965 2794 979 2809 .
1012 2796 1026 2809 .
1057 2795 1071 2809 .
1110 2767 1278 2810 esset:
1310 2767 1440 2809 ‘how

339 2837 475 2885 great
513 2864 525 2877 .
561 2864 574 2877 .
610 2864 623 2877 .
657 2832 736 2881 is;’
772 2844 802 2875 a
836 2832 1028 2883 general
1079 2832 1219 2875 truth
1265 2833 1308 2876 is
1347 2837 1438 2886 put

336 2900 390 2942 in
433 2899 519 2943 the
556 2903 751 2952 present
795 2902 932 2942 tense
981 2898 1034 2941 in
1084 2899 1302 2950 English.
1347 2899 1438 2943 but

336 2966 391 3009 111
429 2966 574 3009 Latin
612 2965 799 3008 follows
836 2965 922 3008 the
959 2975 1213 3014 sequence.
1283 2974 1440 3009 oum:

338 3033 636 3082 concessive:
678 3032 763 3074 the
804 3033 935 3075 force
976 3033 1029 3074 of
1068 3032 1238 3082 tamen,
1282 3032 1441 3075 which

338 3099 620 3151 commonly
660 3098 848 3141 follows
890 3098 1009 3141 such
1035 3098 1235 3148 clauses,
1264 3098 1305 3141 is
1332 3110 1443 3149 sug-

339 3165 508 3217 gested
535 3165 603 3217 by
629 3165 714 3208 the
741 3165 917 3217 phrase
945 3167 1126 3216 praeter
1149 3165 1439 3215 opinionem.

403 3234 479 3275 29.
513 3240 670 3275 eum:
774 3231 938 3282 object
992 3233 1045 3274 of
1095 3232 1273 3282 defecit.
1358 3232 1442 3274 in-

339 3300 575 3350 genium
617 3297 760 3342 illud
805 3298 863 3341 et
908 3298 1253 3341 exercitatio:
1345 3297 1442 3339 ‘his

339 3365 649 3409 well-known
679 3366 848 3408 native
879 3364 1036 3408 talent
1068 3364 1167 3407 and
1198 3363 1273 3408 his
1304 3375 1442 3417 prac-

338 3433 435 3475 tice
460 3432 512 3475 in
540 3432 808 3485 speaking!

403 3500 477 3549 35,
527 3501 602 3542 36.
640 3499 824 3542 erant:
920 3509 985 3542 sc.
1034 3498 1241 3541 tabellae.
1320 3498 1441 3541 nine

340 3566 594 3610 nomine:
694 3565 925 3608 ‘without
974 3565 1257 3615 signature!
1339 3564 1442 3607 The

340 3631 560 3675 Romans
597 3632 912 3675 commenced
949 3633 1078 3676 their
1113 3632 1284 3674 letters
1320 3631 1442 3673 with

339 3709 430 3741 our
460 3699 645 3751 society
678 3700 823 3742 form:
889 3699 978 3742 Mr.
1011 3699 1141 3741 John
1176 3698 1280 3740 Doe
1317 3699 1443 3749 (pre-

341 3769 475 3809 sents
506 3766 582 3809 hIs
614 3765 981 3817 compliments)
1016 3769 1069 3808 to
1103 3765 1191 3807 Mr.
1227 3763 1442 3806 Richard

343 3830 463 3875 Roe.
538 3833 652 3875 This
690 3832 789 3875 line
826 3831 924 3875 had
964 3831 1086 3875 been
1125 3830 1335 3874 omitted
1375 3830 1443 3882 by

343 3896 597 3943 Lentulus.
657 3906 723 3941 ex
750 3906 837 3941 eo:
888 3897 1027 3940 who?
1085 3897 1174 3940 See
1198 3898 1230 3940 1.
1260 3900 1336 3939 32.

1542 2697 1770 2746 qualities
1814 2697 2037 2740 summed
2084 2709 2151 2749 up
2195 2698 2247 2740 in
2292 2697 2377 2740 the
2422 2697 2649 2740 abstract

1539 2774 1676 2806 noun
1718 2764 1882 2808 virtus,
1959 2763 2184 2807 Sallust's
2228 2764 2420 2807 version
2464 2764 2517 2807 of
2559 2765 2652 2808 the

1540 2829 1701 2880 letter,
1743 2831 1933 2881 though
1972 2831 2059 2874 the
2099 2841 2232 2874 same
2272 2831 2323 2873 in
2363 2830 2649 2880 substance,

1543 2897 1708 2940 differs
1740 2898 1791 2940 in
1825 2908 1960 2940 some
1993 2897 2187 2941 details:
2256 2897 2356 2940 Fac
2389 2898 2557 2948 coaites
2591 2898 2651 2939 in

1542 2965 1721 3015 quanta
1763 2964 2029 3007 calamitate
2072 2964 2155 3014 sis,
2203 2964 2244 3006 et
2287 2963 2561 3006 memineris
2607 2965 2653 3006 te

1541 3031 1698 3074 virum
1726 3041 1842 3080 esse:
1872 3030 2133 3073 consideres
2160 3031 2276 3082 quid
2303 3031 2412 3073 tuae
2438 3030 2653 3073 rationes

1542 3098 1794 3148 postulent:
1845 3097 2085 3139 auxilium
2136 3098 2267 3147 petas
2318 3097 2376 3139 ab
2426 3096 2653 3139 omnibus

1542 3163 1684 3206 etiam
1709 3164 1768 3205 ab
1793 3163 1978 3214 infimis
2009 3164 2135 3213 (Cat.
2159 3165 2240 3207 u.
2272 3165 2455 3215 12-15).

1605 3232 1680 3273 38.
1717 3229 1939 3281 ecquid:
1978 3234 2065 3272 not
2091 3230 2268 3273 ‘what’
2291 3229 2382 3273 but
2407 3229 2655 3273 ‘whether

1542 3296 1817 3348 anything.'
1892 3296 1994 3340 The
2033 3307 2168 3339 same
2208 3296 2341 3338 word
2383 3306 2553 3339 occurs
2598 3298 2656 3339 in

1543 3363 1582 3407 Ι.
1613 3366 1661 3406 8.
1691 3366 1749 3405 23
1777 3364 1828 3405 in
1858 3373 1958 3405 acc.
1987 3361 2252 3413 adverbial,
2287 3362 2360 3406 ‘at
2390 3362 2488 3407 all!

1607 3432 1681 3472 41.
1716 3438 1874 3473 cum:
1959 3430 2249 3478 concessive,
2296 3441 2351 3473 as
2394 3430 2445 3472 in
2489 3429 2522 3472 l.
2571 3432 2653 3473 27.

1543 3497 1726 3548 primo
1779 3526 1794 3539 .
1847 3524 1862 3539 .
1914 3525 1930 3540 .
1980 3496 2273 3547 coemunt:
2344 3506 2376 3538 a
2417 3506 2655 3539 common

1543 3563 1810 3616 pleonasm.

1606 3632 1774 3674 43—45.
1810 3638 1968 3673 oum:
2064 3629 2352 3673 correlative
2414 3632 2470 3672 to
2530 3631 2653 3680 tum,

1542 3697 1574 3742 1.
1609 3699 1683 3741 45.
1746 3695 1867 3739 illa:
1933 3696 2039 3739 ‘the
2070 3697 2340 3747 following'
2378 3696 2477 3745 (see
2508 3707 2576 3739 on
2610 3696 2655 3741 1.

1545 3766 1593 3807 1.
1620 3763 1719 3813 21).
1778 3763 1855 3806 All
1881 3762 1967 3806 the
1991 3763 2321 3806 nominatives
2344 3762 2457 3806 that
2486 3762 2655 3806 iollow

1544 3842 1626 3873 are
1667 3831 1945 3881 appositive
1984 3833 2038 3872 to
2077 3829 2179 3873 this
2216 3830 2305 3872 illa
2342 3840 2399 3872 or
2438 3833 2493 3872 to
2535 3829 2653 3872 that

1544 3898 1595 3939 in
1634 3897 1665 3940 l.
1709 3899 1784 3940 45.
1857 3897 2169 3941 actussima
2211 3925 2227 3941 .
2269 3924 2286 3941 .
2328 3923 2345 3941 .
2386 3896 2653 3940 serumst
