2913 4338
311 276 439 341 306
1071 280 1222 336 PRO
1278 282 1346 350 Q„
1403 262 1721 336 LIGARIO
1776 280 2059 335 ORA'rlo

409 455 840 536 praefecisset.
932 457 1169 536 Itaque
1207 456 1518 536 Ligarius,
1550 477 1698 520 cum
1720 456 1831 519 diu
1868 466 2171 520 recusans
2206 456 2372 519 nihil
2404 455 2688 537 profecis-

410 562 530 630 set,
568 554 972 635 provinciam
1011 556 1261 636 accepit
1296 556 1545 619 invitus
1554 577 1571 634 3
1617 556 1720 619 cui
1756 566 1846 620 sic
1882 557 2168 638 praefuit
2202 555 2275 617 in
2307 566 2486 637 pace,
2523 564 2597 619 ut
2627 561 2687 618 et

411 655 663 718 civibus
684 660 752 717 et
774 654 962 718 sociis
983 655 1352 735 gratissima
1371 661 1543 719 esset
1563 656 1701 719 eius
1723 657 2063 736 integritas
2085 677 2160 719 ac
2184 656 2366 719 fides.
2452 655 2730 719 Bellum3

322 772 379 816 25
410 755 631 818 subito
669 755 932 832 exarsit,
976 755 1174 834 quod,
1217 764 1332 836 qui
1370 760 1560 819 erant
1598 756 1670 817 in
1706 746 1945 833 Africa,
1991 762 2144 819 ante
2186 756 2528 819 audierunt
2566 763 2685 835 geri

410 874 610 936 quam
668 863 902 935 parari.
991 855 1138 931 Quo
1196 855 1425 919 audito
1481 855 1726 937 partim
1785 856 2146 937 cupiditate
2203 855 2681 929 inconsiderata,

408 954 652 1035 partim
679 964 869 1018 caeco
894 954 1181 1034 quodam
1208 955 1440 1018 timore
1466 965 1677 1036 primo
1702 957 1949 1028 salutis
1975 961 2128 1037 post
2152 955 2356 1018 etiam
2382 956 2574 1017 studii
2595 963 2686 1017 sui

409 1055 813 1134 quaerebant
844 1054 1125 1135 aliquem
1157 1055 1388 1118 ducem
1398 1076 1415 1134 ;
1462 1076 1610 1118 cum
1642 1056 1934 1135 Ligarius
1964 1056 2232 1120 domum
2264 1061 2577 1137 spectanS,
2607 1053 2685 1117 ad

409 1163 561 1216 suos
581 1154 786 1216 redire
807 1154 1072 1234 cupiens
1093 1154 1270 1218 nullo
1290 1165 1358 1218 se
1377 1154 1674 1235 inplicari
1693 1155 1953 1235 negotio
1972 1174 2202 1236 passus
2221 1161 2342 1218 est.
2431 1153 2682 1218 Interim

310 1271 378 1315 ao
411 1255 480 1315 P.
515 1253 739 1316 Attius
766 1254 996 1330 Varus,
1028 1264 1143 1335 qui
1168 1261 1433 1335 praetor
1459 1245 1748 1318 Africam
1778 1255 2173 1335 optinuerat,
2206 1255 2470 1318 Uticam
2497 1254 2678 1318 venit.

410 1353 512 1415 Ad
548 1373 698 1415 eum
733 1353 960 1416 statim
998 1374 1381 1418 concursum
1415 1360 1535 1417 est.
1625 1356 1845 1433 Atque
1878 1354 1983 1417 ille
2016 1364 2150 1417 non
2185 1355 2492 1418 mediocri
2520 1352 2682 1434 cupi-

409 1453 619 1515 ditate
662 1453 935 1534 arripuit
975 1453 1337 1534 imperium,
1382 1463 1438 1517 si
1478 1453 1638 1516 illud
1678 1453 2024 1534 imperium
2063 1474 2201 1517 esse
2242 1453 2481 1534 potuit,
2521 1452 2680 1533 quod

408 1559 670 1634 privato
720 1553 998 1617 clamore
1046 1552 1488 1616 multitudinis
1534 1554 1852 1634 inperitae
1899 1554 2079 1617 nullo
2126 1554 2392 1634 publico
2440 1552 2679 1616 consilio

408 1653 839 1716 deferebatur.
930 1653 1167 1733 Itaque
1199 1652 1510 1732 Ligarius,
1545 1661 1659 1733 qui
1689 1673 1880 1717 omne
1910 1653 2043 1717 tale
2073 1653 2411 1733 negotium
2441 1654 2723 1733 cuperet4

308 1769 377 1813 35
408 1752 707 1831 effugere,
735 1752 1005 1833 paulum
1033 1753 1325 1816 adventu
1349 1752 1507 1816 Vari
1531 1752 1924 1832 conquievit.

489 1852 552 1916 2.
599 1852 850 1928 Adhuc,
891 1854 957 1916 C.
999 1852 1251 1928 Caesar,
1293 1853 1369 1928 Q.
1412 1851 1705 1931 Ligarius
1741 1861 1921 1915 omni
1957 1853 2150 1933 culpa
2186 1858 2404 1916 vacat.
2492 1854 2747 1920 Dom6(⁴)

407 1957 510 2015 est
545 1961 832 2030 egressus
867 1951 1019 2014 non'
1035 1952 1230 2016 modo
1267 1951 1517 2015 nullum
1556 1952 1640 2014 ad
1675 1952 1937 2028 bellum,
1976 1953 2090 2016 sed
2125 1963 2208 2016 ne
2244 1954 2330 2016 ad
2366 1952 2676 2015 minimam

409 2051 674 2131 quidem
729 2052 1159 2132 suspicionem
1214 2051 1366 2116 belli
1374 2072 1392 2129 ;
1435 2051 1688 2131 legatus
1741 2051 1812 2114 in
1864 2062 2025 2133 p‘ace
2079 2053 2413 2133 profectus
2465 2058 2582 2127 est;
2619 2049 2678 2111 in

408 2151 746 2233 provincia
777 2151 1196 2233 pacatissima
1227 2150 1325 2215 ita
1357 2161 1425 2215 se
1459 2152 1675 2231 gessit,
1711 2157 1789 2215 ut
1821 2160 1881 2216 ei
1912 2162 2140 2233 pacem
2174 2173 2314 2216 esse
2347 2152 2673 2234 expediret.

344 2269 379 2314 5
412 2251 736 2315 Profectio
769 2256 941 2315 certe
974 2252 1266 2314 animum
1299 2256 1490 2314 tuum
1525 2261 1659 2314 non
1692 2242 1886 2315 debet
1918 2253 2270 2328 offendere;
2314 2272 2472 2314 num
2504 2251 2677 2330 igitur

410 2351 769 2414 remansio?
854 2350 1062 2414 Multo
1107 2350 1340 2413 minus.
1432 2350 1603 2413 Nam
1648 2350 1966 2432 profectio
2011 2351 2423 2415 voluntatem
2469 2349 2672 2414 habuit

408 2460 544 2512 non
597 2455 876 2531 turpem,
935 2450 1256 2513 remansio
1311 2449 1765 2513 necessitatem
1820 2450 2021 2513 etiam
2078 2451 2439 2515 honestam.
2525 2452 2674 2528 Ergo

409 2546 568 2613 haec
605 2550 735 2614 duo
771 2556 1068 2630 tempora
1105 2556 1327 2613 carent
1364 2550 1647 2627 crimine,
1686 2560 1912 2628 finum,
1951 2571 2100 2614 cum
2135 2557 2235 2613 est
2269 2551 2516 2631 legatus
2546 2569 2673 2630 pro-

479 2744 554 2787 23.
589 2741 733 2787 nihil
766 2741 1113 2795 motmunt:
1155 2743 1275 2787 ‘had
1311 2746 1411 2787 met
1447 2755 1514 2787 no
1601 2744 1883 2788 troduction
1908 2756 1956 2796 p.
1983 2744 2059 2794 62.
2090 2744 2201 2795 573)
2229 2743 2328 2787 had
2354 2740 2545 2796 expired
2567 2739 2671 2784 with

413 2820 602 2854 success
621 2811 671 2854 in
691 2810 767 2853 his
785 2811 928 2853 effort
948 2814 1002 2854 to
1033 2811 1094 2854 be
1112 2811 1339 2855 excused.
1398 2810 1515 2855 This
1599 2811 1675 2854 his
1732 2816 1858 2855 term
1914 2822 1969 2854 as
2024 2815 2335 2862 propraetor:
2396 2811 2550 2853 hence
2598 2808 2672 2851 the

414 2878 759 2929 appointment
782 2888 883 2920 was
903 2881 991 2920 out
1014 2878 1066 2920 01
1087 2877 1172 2921 the
1193 2876 1334 2922 usual
1355 2879 1511 2927 order.
1599 2878 1786 2922 clauses
1815 2877 1926 2922 that
1956 2878 2133 2921 rollow.

413 2955 471 2987 as
497 2944 537 2987 it
567 2942 817 2996 naturally
844 2944 1007 2987 would
1036 2944 1164 2988 have
1192 2955 1318 2995 gone
1346 2948 1400 2988 to
1427 2944 1515 2987 the
1663 2947 1739 2989 34.
1773 2945 1873 2996 qul
1900 2973 1917 2989 .
1945 2973 1960 2989 .
1988 2973 2003 2988 .
2029 2945 2280 2996 cuperet:
2329 2942 2505 2987 causal-

414 3014 648 3060 quaestor
679 3009 1044 3060 (Introduction
1069 3012 1146 3061 63,
1180 3011 1309 3062 576).

479 3080 555 3121 27.
589 3076 812 3121 salutis:
859 3076 1110 3121 ‘defensed
1164 3078 1364 3122 studii:
1410 3078 1515 3121 ‘en-
1661 3077 1775 3120 Sene
1802 3077 1925 3120 there
1951 3087 2008 3119 as
2036 3076 2224 3128 levam-s,
2256 3076 2338 3128 lett
2363 3075 2419 3119 in
2446 3075 2594 3126 charae
2618 3073 2669 3123 bv

413 3143 680 3188 thusiasm'
704 3144 779 3187 for
804 3144 1024 3197 Pompey
1047 3144 1147 3187 and
1172 3144 1256 3187 the
1278 3144 1510 3196 republic,
1598 3143 1670 3186 the
1716 3153 1950 3194 nevernor,
2000 3143 2166 3194 finally
2215 3144 2367 3187 under
2417 3142 2575 3189 Varus,
2618 3138 2668 3181 he

412 3210 573 3254 which
608 3209 687 3253 led
724 3210 860 3253 them
897 3214 951 3254 to
987 3211 1104 3254 take
1139 3210 1225 3254 the
1260 3211 1511 3254 offensive.
1598 3211 1726 3253 acted
1739 3210 1803 3252 all
1818 3209 2015 3252 thetime
2029 3211 2178 3253 under
2191 3210 2359 3259 orders,
2392 3209 2490 3260 §54-
2517 3211 2557 3251 5.

416 3277 550 3320 Both
564 3278 735 3320 salutis
749 3277 847 3320 and
863 3278 1013 3320 studii
1041 3276 1232 3329 depend
1253 3288 1317 3320 on
1330 3278 1510 3320 ducem.
1660 3273 1714 3324 2.
1753 3279 1795 3320 1.
1831 3278 2022 3320 domo:
2108 3275 2251 3319 when
2296 3276 2359 3319 he
2403 3277 2488 3319 leit
2531 3275 2667 3317 Rome

478 3346 555 3388 30.
588 3343 789 3388 Varus:
868 3343 977 3387 who
1017 3348 1070 3387 at
1112 3354 1246 3387 some
1286 3344 1513 3396 previous
1597 3344 1717 3386 with
1748 3343 2003 3387 Considius
2030 3353 2086 3385 as
2114 3342 2290 3394 levatus
2325 3343 2376 3392 (l.
2405 3344 2473 3392 3).

415 3410 537 3453 time
555 3410 653 3452 had
672 3410 785 3453 held
804 3410 889 3454 the
907 3411 1045 3454 office
1061 3411 1163 3461 just
1183 3410 1511 3460 relinquished
1660 3413 1706 3453 3.
1739 3410 1802 3453 111
1835 3418 1992 3462 pace:
2060 3410 2131 3451 ‘in
2164 3409 2285 3452 ιίιηθ
2317 3410 2370 3452 of
2402 3408 2561 3462 peace'
2594 3405 2663 3455 (ct.

414 3475 484 3528 by
538 3476 808 3521 Considius·
898 3477 1052 3520 When
1105 3477 1191 3520 the
1245 3477 1512 3529 Pompeian
1601 3478 1648 3520 1.
1675 3478 1771 3527 19).

414 3543 571 3587 torces
597 3543 697 3586 had
725 3546 779 3586 to
806 3544 951 3587 retire
978 3544 1144 3587 before
1172 3545 1346 3587 Caesar
1372 3544 1424 3585 in
1452 3546 1513 3587 49
1663 3547 1706 3587 4.
1741 3543 2044 3594 expediret:
2104 3542 2163 3585 ‘it
2192 3553 2295 3586 was
2323 3540 2550 3586 desirable
2579 3540 2662 3588 (ex-

417 3610 574 3654 Varus
609 3614 739 3654 went
778 3610 906 3653 back
942 3614 996 3653 to
1033 3610 1109 3652 his
1145 3610 1226 3653 old
1264 3610 1510 3662 province,
1599 3609 2218 3662 pedient)’-impersonal,
2254 3609 2376 3653 with
2408 3618 2557 3660 pacem
2584 3613 2663 3648 etse

417 3678 597 3721 Africa.
658 3678 906 3721 Uticam:
962 3677 1145 3729 capital
1174 3678 1226 3720 of
1253 3676 1340 3720 the
1367 3687 1515 3729 prov·
1598 3687 1654 3720 as
1674 3676 1881 3726 subject.

413 3745 523 3788 lnce
553 3744 730 3787 Africa.
1663 3745 1707 3786 5.
1742 3741 2033 3794 proxumo:
2082 3746 2136 3786 to
2160 3742 2235 3785 his
2259 3743 2500 3796 province.

480 3813 556 3855 32.
590 3810 853 3861 arripuit:
921 3808 984 3852 Of
1017 3820 1186 3853 course
1220 3809 1281 3852 he
1314 3808 1412 3851 had
1448 3820 1513 3852 no
1664 3812 1707 3853 7.
1741 3809 2158 3853 necessitatem:
2189 3809 2333 3853 when
2347 3808 2434 3852 left
2450 3809 2498 3850 in
2512 3806 2659 3853 charge

412 3876 580 3920 lawful
615 3876 883 3927 authority,
921 3886 975 3917 as
1009 3875 1083 3917 his
1116 3876 1372 3926 imperium
1412 3876 1514 3923 (In-
1599 3875 1667 3927 by
1690 3875 1943 3919 Considius
1971 3877 2038 3925 (1.
2062 3877 2161 3925 23).
