2913 4338
1167 296 1325 353 CAP.
1370 299 1544 351 54-56
2477 297 2598 360 425

215 484 460 528 carcere
535 464 732 541 locus,
777 463 987 552 'quod
1059 463 1428 528 Tullianum
1508 465 1890 546 appellatur,
1968 464 2082 531 ubi
2154 463 2494 547 paululum

217 564 572 627 ascenderis
605 564 690 627 ad
720 564 996 641 laevam,
1032 563 1284 627 circiter
1315 563 1657 629 duodecim
1688 566 1886 647 pedes
1918 568 2101 629 humi
2133 566 2471 646 depressus
2478 585 2496 643 3

213 684 351 727 eum
399 665 709 727 muniunt
753 664 1039 744 undique
1081 664 1361 745 parietes
1405 670 1603 745 atque
1646 675 1908 747 insuper
1941 685 2196 731 camera
2228 665 2500 746 lapideis

213 763 561 828 fornicibus
625 763 873 840 iuncta3
940 764 1055 827 sed
1118 764 1369 828 incultu
1434 768 1719 829 tenebris
1782 766 1978 832 odere
2043 766 2234 829 foeda
2300 772 2498 845 atque

141 884 187 926 10
213 864 512 929 terribilis
560 863 698 927 eius
746 863 941 927 facies
988 868 1105 927 est.
1195 865 1277 927 In
1323 885 1472 927 eum
1522 865 1734 929 locum
1782 873 2134 947 postquam
2185 866 2500 929 demissus
2544 875 2549 881 '

210 973 302 1030 ost
352 964 691 1040 Lentulus,
745 963 1031 1027 vindices
1078 975 1292 1028 rerum
1342 965 1740 1045 capitalium,
1792 967 2029 1047 quibus
2076 972 2495 1046 praeceptum

211 1073 361 1143 erat,
407 1066 643 1146 laquee
684 1064 901 1143 gulam
943 1065 1201 1144 fregere.
1292 1066 1401 1128 Ita
1438 1065 1544 1129 ille
1582 1066 1894 1146 patricius
1933 1088 2017 1130 ex
2054 1073 2245 1145 gente
2286 1065 2500 1129 claris-

210 1176 393 1229 sume,
433 1165 896 1242 Cornelierum,
943 1174 1057 1245 qui
1100 1167 1434 1229 censulare
1477 1166 1819 1247 imperium
1865 1168 2115 1230 Remae
2158 1167 2495 1242 habuerat,

211 1267 472 1346 dignum
538 1266 829 1329 meribus
893 1266 1212 1346 factisque
1274 1276 1407 1329 suis
1468 1267 1740 1330 exitium
1806 1273 1982 1330 vitae
2043 1267 2310 1329 invenit.
2402 1268 2500 1330 De

137 1383 185 1426 ιε
211 1367 487 1447 Cethege
546 1366 806 1430 Statilie
867 1366 1144 1430 Gabinio
1203 1367 1514 1447 Caeparie
1570 1367 1797 1430 eedem
1857 1368 2053 1432 mode
2111 1365 2497 1446 supplicium

210 1473 541 1546 sumptum
572 1472 689 1528 est.

285 1568 385 1632 56.
433 1568 610 1629 Dum
647 1586 724 1629 ea
761 1567 1011 1629 Remae
1046 1574 1378 1646 geruntur,
1416 1568 1695 1630 Catilina
1728 1590 1811 1632 ex
1845 1577 2024 1632 omni
2058 1567 2261 1665 cepie„
2300 1587 2499 1647 quam

210 1671 276 1728 et
304 1666 439 1746 ipse
478 1666 847 1730 adduxerat
883 1672 952 1729 et
990 1666 1267 1729 Manlius
1302 1668 1642 1744 habuerat,
1681 1668 1845 1730 dues
1878 1668 2158 1747 legienes
2191 1667 2497 1744 instituit,

210 1766 484 1829 cohortis
542 1775 663 1845 pre
721 1775 991 1828 numere
1051 1767 1334 1829 militum
1395 1767 1673 1848 conplet.
1766 1767 2032 1844 Deinde,
2093 1773 2170 1829 ut
2228 1767 2502 1847 quisque

212 1865 613 1928 voluntarius
661 1871 778 1928 aut
821 1886 905 1929 ex
948 1866 1135 1929 sociis
1180 1867 1250 1927 in
1294 1872 1509 1929 castra
1553 1874 1840 1944 venerat,
1890 1867 2245 1947 aequ'aliter
2288 1867 2502 1929 distri-

159 1983 185 2025 5
211 1966 453 2041 buerat‚
499 1986 573 2028 ac
616 1968 801 2029 brevi
842 1966 1057 2046 spatie
1097 1966 1377 2045 legiones
1414 1977 1686 2030 numere
1726 1967 2062 2031 hominum
2102 1967 2496 2048 expleverat,

212 2085 353 2127 cum
379 2065 565 2128 initie
590 2075 726 2127 nen
753 2066 1031 2146 amplius
1058 2067 1314 2130 duebus
1340 2067 1601 2131 milibus
1626 2068 1976 2131 habuisset.
2067 2068 2192 2131 Sed
2216 2088 2300 2130 ex
2323 2076 2501 2131 omni

212 2165 390 2246 cepia
445 2166 700 2230 circiter
757 2188 908 2248 pars
966 2174 1203 2247 quarta
1259 2174 1400 2231 erat
1455 2168 1845 2233 militaribus
1903 2179 2098 2231 armis
2153 2175 2473 2232 instructa
2483 2188 2498 2244 ;

213 2272 416 2342 ceteri,
465 2273 545 2330 ut
592 2287 917 2346 quemque
966 2277 1151 2330 casus
1198 2275 1587 2345 armaverat,
1637 2279 1860 2351 spares
1907 2275 2023 2332 aut
2068 2269 2343 2344 lanceES,
2393 2269 2501 2332 alii

212 2374 587 2445 praeacutas
654 2368 831 2429 sudis
893 2370 1269 2448 portabant.
1361 2369 1489 2432 Sed
1549 2377 1900 2450 postquam
1966 2369 2290 2432 Antenius
2351 2390 2499 2431 cum

87 2490 90 2495 f
138 2481 186 2523 ιο
214 2466 488 2529 exercitu
533 2467 960 2544 adventabat,
1002 2467 1281 2532 Catilina
1317 2488 1433 2549 per
1472 2475 1714 2532 montis
1750 2469 1874 2532 iter
1911 2469 2140 2546 facere,
2181 2470 2375 2533 modo
2415 2468 2500 2533 ad

211 2567 424 2628 urbem
464 2566 661 2630 modo
685 2565 754 2627 in
789 2566 1065 2630 Galliam
1090 2588 1318 2631 vorsus
1343 2575 1558 2631 castra
1593 2580 1871 2645 movere,
1899 2569 2195 2633 hostibus
2218 2569 2497 2633 occesie‘

212 2683 350 2726 nem
373 2667 712 2747 pugnandi
744 2676 879 2728 nen
913 2668 1085 2730 dare.
1176 2669 1497 2749 Sperabat
1531 2689 1733 2750 prope
1770 2669 1940 2731 diem
1977 2678 2247 2748 magnas
2282 2669 2500 2749 cepitis

212 2773 338 2827 sese
375 2766 774 2843 habiturum,
816 2775 871 2829 si
890 2768 1159 2830 -Remae
1196 2768 1352 2832 socii
1388 2768 1650 2849 incepta
1685 2769 2144 2850 patravissent.
2234 2769 2495 2831 Interea

273 2941 313 2985 7.
345 2942 676 2986 ascenderis:
744 2941 907 2986 ‘when
988 2953 1087 2995 you
1174 2942 1301 2987 have
1395 2943 1554 2996 priate
1589 2947 1643 2988 to
1674 2956 1704 2988 a
1732 2945 1916 2997 consul,
1934 2956 1989 2989 as
2019 2945 2083 2990 he
2111 2943 2317 2989 claImed
2350 2947 2405 2987 to
2430 2946 2497 2990 be

213 3006 410 3051 climbed
447 3009 552 3058 (the
584 3008 728 3059 hill).'
793 3009 956 3053 hum
988 3010 1298 3060 deprensus:
1402 3013 1501 3060 (86.
1534 3012 1602 3062 3).

217 3072 353 3116 ‘sunk
378 3075 529 3118 about
560 3075 735 3119 twelve
761 3076 857 3119 feet
884 3076 936 3119 ln
963 3075 1049 3118 the
1074 3076 1299 3126 ground!
1461 3080 1505 3121 4.
1538 3078 1914 3124 voluntarius:
1947 3090 1978 3123 a
2021 3091 2127 3123 new
2170 3079 2365 3122 recruit.
2430 3085 2497 3122 ex

274 3141 313 3183 9.
343 3141 582 3193 incultu,
615 3145 729 3186 etc.:
764 3153 921 3186 cause.
1396 3145 1583 3188 nouus:
1615 3144 1666 3187 of
1688 3146 1828 3188 those
1848 3145 2048 3198 already
2071 3146 2214 3189 allied
2235 3145 2356 3188 with
2375 3144 2496 3190 him.

278 3209 341 3250 ιι.
373 3208 620 3252 vindice·
652 3238 666 3251 .
697 3238 710 3251 .
742 3237 754 3252 .
779 3218 992 3253 rerum:
1018 3209 1103 3253 the
1130 3210 1300 3253 mum-
1396 3210 1728 3261 aequaliter:
1762 3222 1941 3262 among
1976 3212 2063 3255 the
2097 3213 2307 3255 cohorts.

214 3273 301 3316 viri
317 3274 365 3317 ot
382 3274 414 3320 l.
446 3277 491 3326 3,
513 3284 569 3317 or
589 3274 716 3318 their
735 3276 1090 3320 subordinatas,
1460 3279 1504 3319 5.
1539 3285 1798 3320 numero:
1835 3277 1906 3320 ‘in
1941 3282 2131 3331 respect
2169 3282 2222 3321 to
2257 3275 2500 3328 number.'

1395 3343 1487 3386 but
1508 3342 1664 3385 notin
1685 3343 1946 3395 efficiency,
1970 3355 2024 3387 as
2044 3355 2250 3397 appears
2267 3345 2393 3387 from
2411 3343 2499 3388 the

276 3406 471 3451 Catilina
494 3407 736 3459 oroanizec
759 3407 835 3450 his
857 3410 993 3459 army
1016 3409 1115 3451 and
1136 3407 1305 3453 awaits
1396 3409 1690 3461 description
1723 3411 1774 3453 ot
1806 3411 1931 3453 their
1962 3416 2236 3454 armament
2267 3410 2378 3454 that
2408 3409 2499 3454 tol·

215 3472 591 3523 reintorcements.
1396 3476 1529 3519 lows.
1541 3464 1545 3475 ’

275 3536 357 3588 56.
390 3542 433 3582 2.
468 3540 608 3584 duas
641 3538 910 3592 legiones:
944 3541 1149 3592 Though
1170 3542 1299 3586 cati·
1465 3545 1535 3593 10,
1563 3547 1634 3587 11.
1670 3544 1838 3588 modo
1868 3575 1881 3588 .
1919 3575 1934 3589 .
1972 3575 1986 3589 .
2021 3553 2239 3589 vorsus:
2276 3542 2500 3595 ‘turning

218 3601 304 3647 line
328 3606 419 3649 had
446 3610 499 3650 at
528 3607 634 3649 first
669 3606 720 3655 (l.
755 3607 807 3657 6)
835 3607 952 3658 only
978 3607 1131 3651 about
1160 3611 1299 3659 2,000
1397 3621 1507 3653 now
1561 3611 1884 3662 (southward)
1933 3611 2119 3655 toward
2168 3611 2338 3661 Rome,
2386 3620 2497 3654 now

221 3678 318 3713 men
334 3672 392 3716 he
406 3673 664 3724 organized
681 3673 817 3717 them
832 3674 884 3716 in
900 3678 1087 3726 twenty
1103 3676 1299 3719 cohorts
1405 3677 1729 3728 (northward)
1748 3678 1854 3721 into
1879 3677 2149 3731 (cisalpine)
2171 3676 2330 3721 Gaul:
2394 3676 2499 3721 Tne

221 3736 268 3778 ol
290 3738 432 3782 about
461 3740 710 3783 one-sixth
739 3740 824 3783 the
849 3741 1040 3792 regular
1066 3742 1163 3785 size
1195 3744 1301 3793 (pro
1399 3743 1666 3786 infinitives
1681 3755 1763 3787 are
1777 3744 2041 3788 historical.
2110 3744 2389 3788 hostibus:
2412 3742 2500 3787 the

221 3811 397 3847 numer-o
450 3806 681 3857 militum)
745 3807 797 3849 in
858 3807 999 3850 order
1059 3810 1112 3850 to
1175 3808 1304 3852 have
1402 3810 1558 3852 forces
1582 3810 1738 3853 under
1760 3813 1960 3862 Antony
1980 3810 2080 3853 and
2105 3811 2180 3853 his
2205 3810 2494 3861 lieutenant.

222 3872 473 3924 uominany
554 3873 640 3916 the
709 3877 808 3916 two
879 3872 1062 3924 legions
1128 3886 1304 3927 appro-
1403 3875 1468 3920 M.
1500 3876 1719 3919 Petreius
1753 3879 1852 3927 (5⁹.
1878 3880 1976 3929 14).
