2913 4338
1055 268 1213 326 CAP.
1261 274 1380 337 1—3‚
1426 266 1504 347 §g
1551 271 1656 326 3-7
2501 269 2619 331 251

221 443 504 509 audacia
550 443 893 525 singularis
941 445 1228 509 stultitia
1278 445 1629 510 coniuncta
1677 450 1797 510 est.
1889 444 2078 521 Nam,
2132 452 2210 509 ut
2261 451 2526 526 apertus

127 564 188 604 20
220 545 290 605 in
341 543 764 624 corripiendis
813 544 1104 625 pecuniis
1153 545 1300 621 fuit,
1354 555 1444 609 sic
1496 545 1567 607 in
1615 555 1731 626 spe
1781 545 2235 625 corrumpendi
2284 545 2523 621 iudicii,

219 643 569 724 perspicua
606 663 729 706 sua
769 644 1037 708 consilia
1077 650 1483 725 conatusque
1524 645 1828 709 omnibus
1869 645 2042 708 feeit.
2131 644 2361 721 Semel,
2408 645 2522 720 ait,

218 753 289 806 se
333 743 409 806 in
442 748 589 807 vita
628 743 1058 827 pertimuisse,
1098 750 1243 808 tum
1273 765 1422 808 cum
1455 754 1742 827 primum
1774 754 1815 808 a
1843 754 1950 808 me
1979 764 2127 807 reus
2160 745 2376 808 factus
2412 745 2500 808 sit
2508 764 2527 820 ;

219 842 422 923 quod,
449 863 600 907 cum
632 853 669 907 e
695 844 1033 926 provincia
1071 854 1293 908 recens
1334 850 1524 922 esset,
1557 845 1933 925 invidiaque
1975 849 2044 907 et
2083 845 2355 907 infamia
2394 853 2530 906 non

218 948 489 1021 reeent1‚
545 943 659 1006 sed
709 949 929 1007 vetere
980 965 1054 1008 ac
1105 944 1418 1008 diuturna
1468 945 1789 1024 flagraret,
1843 949 2008 1021 tum,
2080 944 2166 1008 ad
2213 944 2526 1008 iudicium

127 1059 189 1104 25
218 1042 791 1124 corrumpendum,
826 1048 1087 1124 tempus
1131 1044 1413 1107 alienum
1459 1045 1833 1108 offenderet.
1924 1044 2179 1125 Itaque,
2214 1064 2362 1108 cum
2407 1065 2526 1124 ego
2544 1047 2586 1107 6

221 1140 398 1204 diem
440 1141 510 1202 in
539 1142 820 1205 Siciliam
846 1142 1214 1223 inquirendi
1250 1144 1669 1226 perexiguam
1713 1143 2233 1225 postulavissem‚
2266 1144 2520 1208 invenit

223 1240 371 1317 iste,
419 1250 536 1321 qui
577 1241 701 1305 sibi
743 1241 813 1303 in
856 1242 1170 1306 Achaiam
1213 1243 1416 1306 biduo
1459 1244 1822 1307 breviorem
1866 1244 2038 1307 diem
2080 1244 2530 1326 postularet—-

221 1349 361 1403 non
405 1345 484 1404 ut
527 1341 583 1403 is
626 1341 799 1404 idem
847 1344 1190 1406 conficeret
1235 1343 1571 1423 diligentia
1598 1349 1667 1407 et
1704 1343 2027 1408 industria
2054 1353 2175 1407 sua
2203 1343 2381 1425 quod
2409 1363 2527 1422 ego

223 1449 373 1503 meo
437 1440 658 1505 labore
723 1447 793 1505 et
841 1442 1074 1522 vigiliis
1121 1449 1507 1506 consecutus
1551 1463 1716 1519 sum,
1765 1443 2007 1506 etenim
2060 1442 2166 1506 ille
2210 1443 2529 1506 Achaicus

128 1557 192 1602 ao
221 1538 572 1619 inquisitor
613 1551 697 1606 ne
740 1542 1160 1605 Brundisium
1193 1542 1458 1623 quidem
1488 1543 1816 1625 pervenit;
1846 1563 1965 1622 ego
1997 1542 2279 1608 Siciliam
2311 1548 2527 1606 totam

224 1641 707 1721 quinquaginta
749 1641 977 1705 diebus
1014 1652 1104 1705 sic
1143 1642 1296 1719 obii,
1338 1649 1416 1706 ut
1453 1642 1748 1706 omnium
1794 1642 2186 1725 populorum
2241 1649 2531 1723 privato-

222 1759 503 1819 rumque
540 1740 796 1805 litteras
823 1741 1219 1823 iniuriasque
1249 1752 1700 1821 cognoscerem
1711 1762 1728 1819 ;
1770 1748 1849 1805 ut
1882 1742 2290 1822 perspicuum
2322 1742 2528 1805 cuivis

222 1858 362 1901 esse
380 1846 620 1920 posset,
642 1841 971 1905 hominem
997 1843 1081 1906 ab
1107 1841 1235 1906 isto
1259 1849 1631 1923 quaesitum
1656 1862 1812 1918 esse,
1835 1852 1969 1905 non
1992 1851 2107 1923 qui
2129 1861 2312 1904 reum
2337 1862 2530 1903 suum

231 1938 606 2017 adduceret,
635 1940 749 2004 sed
779 1951 893 2021 qui
920 1961 1139 2005 meum
1167 1947 1430 2023 tempus
1459 1941 1801 2006 obsideret.

313 2036 378 2103 3.
425 2039 615 2104 Nune
704 2039 901 2104 homo
990 2041 1459 2105 audacissimus
1547 2047 1748 2122 atque
1838 2041 2318 2105 amentissimus
2407 2041 2529 2105 hoc
2550 2043 2590 2105 7

232 2139 501 2218 cogitat.
591 2140 922 2222 Intellegit
993 2151 1100 2206 me
1170 2141 1267 2206 ita
1314 2182 1327 2197 ·
1337 2147 1648 2224 paratum
1723 2148 1923 2223 atque
1996 2147 2391 2206 instructum
2465 2140 2535 2203 in

232 2236 547 2303 iudicium
584 2251 823 2318 venire,
863 2247 940 2305 ut
975 2251 1108 2304 non
1144 2242 1341 2306 modo
1376 2242 1447 2304 in
1483 2243 1748 2306 auribus
1784 2248 2037 2318 vestris,
2076 2242 2190 2305 sed
2227 2241 2296 2303 in
2330 2242 2534 2304 oculis
2570 2286 2575 2291 -

231 2340 548 2417 omnium,
580 2360 700 2404 sua
728 2341 906 2405 furta
958 2348 1156 2422 atque
1208 2342 1454 2421 flagitia
1507 2342 1839 2405 defixurus
1890 2342 2031 2404 sim.
2122 2342 2316 2404 Videt
2355 2350 2537 2404 sena-

172 2454 202 2498 5
233 2443 409 2502 toros
450 2441 692 2505 multos
732 2461 869 2504 esse
910 2447 1096 2505 testis
1139 2442 1448 2505 audaciae
1507 2461 1662 2505 suae
1671 2462 1688 2519 ;
1748 2442 1930 2504 videt
1990 2442 2232 2505 multos
2287 2441 2539 2521 equites

306 2618 477 2661 23-25.
513 2617 665 2669 quod
701 2646 716 2661 .
752 2647 769 2663 .
806 2646 822 2662 .
858 2618 1186 2663 offendente
1252 2618 1337 2661 the
1437 2618 1558 2660 time
1597 2617 1817 2667 allotted,
1859 2617 1959 2660 and
2000 2617 2211 2668 brought
2251 2617 2328 2660 his
2365 2617 2534 2661 aetion

238 2691 415 2726 reason
455 2683 678 2735 assigned
719 2684 788 2737 by
831 2684 1001 2728 Verres
1041 2685 1116 2727 ior
1154 2684 1339 2734 having

242 2748 390 2792 ‘been
431 2750 589 2793 afraid
629 2761 751 2794 once
787 2751 840 2795 in
879 2750 956 2794 his
991 2750 1109 2796 lire!
1181 2759 1338 2795 oum:

238 2816 485 2868 temporal
517 2817 639 2861 with
672 2817 796 2862 both
828 2818 943 2862 emt
973 2816 1073 2862 and
1109 2818 1339 2870 namara.

240 2881 521 2929 alionum:
575 2884 952 2929 ‘uniavorable.'

305 2952 382 3000 26,
411 2953 488 2995 27.
515 2951 666 2995 diem
694 2980 710 2996 .
737 2980 754 2996 .
780 2980 797 2996 .
823 2952 1207 3004 perexiguam:
1253 2917 1349 2995 thei

239 3018 364 3060 time
404 3017 608 3061 allowed
650 3016 752 3060 him
792 3029 894 3061 was
936 3020 1026 3062 110
1066 3018 1207 3070 days.
1278 3017 1342 3062 ln

243 3083 491 3128 sionnam
530 3084 876 3136 inquirendi:
962 3084 1060 3128 ‘ior
1101 3086 1247 3136 going
1286 3089 1341 3128 to

243 3151 392 3203 Sicily
433 3154 491 3195 to
530 3150 859 3202 investigate!
932 3151 1155 3196 invenit
1201 3181 1216 3196 .
1263 3181 1278 3196 .
1327 3181 1341 3196 .

243 3216 579 3270 postularet:
632 3218 803 3262 Verres
834 3218 960 3270 (iste)
988 3218 1141 3262 found
1169 3230 1198 3261 a
1224 3229 1340 3261 man

246 3286 296 3334 (a
336 3288 560 3328 creature
597 3285 650 3328 of
686 3284 762 3328 his
799 3285 933 3336 own)
972 3285 1084 3328 who
1121 3284 1271 3328 asked
1310 3297 1341 3328 a

242 3352 436 3394 shorter
481 3351 746 3395 allowance
790 3352 845 3395 of
887 3353 1008 3395 time
1046 3351 1123 3395 for
1153 3351 1239 3395 the
1267 3351 1343 3394 in-

242 3418 542 3468 vestigation
573 3420 623 3461 ot
655 3418 855 3469 charges
883 3419 936 3462 of
962 3417 1061 3462 like
1090 3418 1341 3462 character

241 3485 436 3536 against
476 3484 564 3528 the
602 3496 841 3537 governor
877 3485 931 3529 of
967 3485 1168 3529 Achaia.
1240 3485 1341 3528 The

242 3552 360 3605 plan
389 3562 493 3595 was
521 3552 598 3595 for
627 3551 726 3595 this
754 3552 911 3595 friend
940 3554 996 3595 to
1023 3555 1193 3595 return
1220 3552 1341 3594 with

242 3630 274 3663 a
305 3618 447 3662 weak
480 3629 606 3669 case.
639 3619 726 3663 the
758 3618 870 3663 trial
904 3619 958 3662 of
987 3617 1146 3661 which
1178 3618 1340 3662 would

242 3689 489 3739 postpone
513 3685 614 3729 and
640 3686 921 3738 ultimately
945 3685 1109 3729 deleat
1138 3686 1341 3729 Cicero’s

243 3753 557 3806 prosecution
579 3753 632 3796 of
655 3753 840 3797 Verres·
896 3753 1060 3796 Cicero
1099 3752 1338 3803 however,

243 3819 312 3872 by
350 3824 614 3863 strenuous
650 3820 821 3863 efforts
858 3818 1090 3870 gathered
1130 3818 1205 3862 his
1243 3819 1345 3862 evi-

243 3886 397 3931 dence
418 3886 520 3930 and
541 3885 773 3930 returned
795 3886 848 3930 in
867 3885 962 3930 less
985 3886 1108 3930 than
1130 3885 1235 3929 halt
1256 3886 1342 3930 the

1437 2685 1630 2735 against
1660 2684 1830 2728 Verres
1853 2683 2205 2736 immediately.

1502 2751 1578 2795 28.
1610 2751 1787 2797 idom:
1883 2750 1971 2795 the
2019 2750 2276 2802 gathering
2322 2751 2376 2795 of
2422 2754 2535 2794 true

1437 2818 1684 2862 evidence.

1504 2888 1579 2929 29.
1614 2885 1888 2930 Achaicus
1918 2884 2242 2937 inquisitor:
2301 2884 2537 2935 referring

1440 2955 1496 2995 to
1531 2952 1617 3003 qm·
1652 2983 1668 2998 .
1706 2983 1720 2996 .
1759 2983 1773 2996 .
1812 2953 2078 3003 postularet.
2115 2951 2148 2995 1.
2188 2954 2264 2996 27.
2335 2951 2426 2993 His
2461 2950 2537 2993 in-

1440 3019 1672 3071 sincerity
1691 3029 1792 3061 was
1813 3018 1997 3071 proved
2021 3018 2090 3072 by
2109 3017 2195 3062 the
2215 3018 2317 3061 fact
2340 3017 2449 3061 that
2472 3016 2536 3060 he

1441 3096 1589 3129 never
1613 3084 1700 3129 left
1730 3084 1878 3138 Italy.

1504 3154 1580 3197 31.
1634 3151 1971 3204 populorum
2048 3151 2535 3204 privatorumque:

1444 3219 1805 3263 'communities
1830 3218 1930 3263 and
1953 3217 2283 3262 individuals!

1504 3288 1579 3336 33,
1617 3288 1693 3330 34.
1730 3287 1939 3338 possete
2006 3285 2173 3329 result.
2243 3284 2538 3328 hominem

1446 3381 1462 3396 .
1494 3381 1509 3396 .
1543 3382 1558 3397 .
1589 3352 1888 3397 obsideret:
1946 3352 2056 3396 ‘not
2086 3356 2141 3395 to
2170 3351 2313 3402 bring
2340 3356 2394 3395 to
2423 3351 2537 3394 trial

1441 3431 1471 3462 a
1501 3419 1768 3463 defendant
1798 3419 1851 3463 ot
1879 3417 1956 3461 his
1983 3430 2108 3467 own.
2140 3417 2232 3461 but
2263 3420 2317 3460 to
2346 3429 2536 3470 occupy

1440 3497 1527 3537 my
1556 3485 1709 3536 time.’
1738 3485 1838 3529 and
1868 3496 1922 3528 so
1951 3487 2156 3538 prevent
2187 3496 2218 3527 a
2246 3485 2345 3527 real
2376 3495 2538 3536 prose-

1439 3553 1625 3596 cution.

1506 3686 1601 3728 His
1625 3685 1788 3729 wealth
1813 3686 1859 3729 is
1883 3686 1960 3728 his
1985 3686 2095 3737 only
2121 3685 2258 3737 hapa
2284 3684 2341 3728 he
2365 3684 2539 3727 cannot

1442 3753 1534 3803 buu
1549 3752 1641 3794 thia
1654 3753 1780 3804 jury·
1801 3752 1997 3802 §57-10.

1504 3816 1559 3868 3.
1590 3822 1696 3864 4-7.
1726 3819 2007 3864 senatores
2040 3849 2054 3864 .
2087 3849 2102 3864 .
2136 3852 2149 3864 .
2179 3820 2393 3871 equites
2426 3848 2441 3863 .
2474 3847 2490 3862 .
2524 3847 2540 3862 .

1443 3886 1617 3931 cives:
1668 3885 1755 3930 the
1781 3886 1918 3930 three
1943 3888 2131 3931 ordines
2155 3888 2207 3931 ot
2231 3885 2317 3929 the
2344 3887 2538 3929 Roman
