2913 4338
353 257 479 322 330
1086 259 1170 316 ΙΝ
1224 259 1302 317 Μ.
1357 259 1766 316 ANTONIUM
1821 259 2109 315 ORATIO

448 453 617 514 quae
675 433 985 514 quoniam
1045 432 1112 496 in
1170 433 1429 498 foveam
1487 433 1736 511 incidit,
1797 432 2133 499 obruatur.
2222 434 2293 498 Si
2350 433 2519 497 enim
2571 432 2708 497 illim

448 533 796 609 emerserit,
869 532 1107 596 nullius
1172 533 1473 615 supplicii
1539 533 1887 598 crudelitas
1954 534 2079 597 erit
2143 533 2520 598 recusanda.
2600 532 2709 597 Sed

448 638 727 709 tenetur,
755 632 1092 714 premitur,
1120 638 1432 712 urguetur
1467 653 1639 697 nunc
1675 634 1753 696 iis
1787 633 2007 714 copiis,
2037 643 2202 715 quas
2235 633 2374 696 iam
2408 633 2710 710 habemus

356 752 416 796 ιε
449 752 602 797 mox
642 732 739 809 iis,
780 741 947 813 quas
984 742 1210 812 paucis
1249 732 1478 797 diebus
1517 742 1672 799 novi
1713 733 2006 797 consules
2045 734 2538 814 comparabunt.
2616 732 2710 796 In-

448 832 737 911 cumbite
794 832 864 894 in
922 852 1206 908 causam,
1270 832 1572 910 Quirites,
1633 837 1713 895 ut
1771 833 2003 897 facitis,
2094 833 2477 914 Numquam
2531 831 2712 896 maior

445 943 795 998 consensus
829 937 1045 996 vester
1074 932 1143 994 in
1175 931 1309 996 ulla
1340 942 1539 996 causa
1569 933 1716 1009 fuit,
1752 953 2115 1014 numquam
2147 939 2292 996 tam
2323 932 2711 996 vehementer

444 1052 598 1097 cum
639 1036 873 1095 senatu
913 1032 1267 1096 consociati
1306 1032 1540 1095 fuistis.
1630 1033 1690 1096 N
1693 1052 1765 1096 ec
1806 1041 2072 1110 mirum;
2114 1033 2332 1112 agitur
2369 1032 2561 1108 enim,
2600 1041 2711 1094 non

443 1142 581 1215 qua
622 1131 997 1196 condicione
1037 1132 1295 1209 victuri,
1338 1131 1454 1195 sed
1497 1137 1817 1196 victurine
1857 1142 2060 1195 simus
2102 1152 2188 1195 an
2230 1151 2383 1196 cum
2424 1131 2711 1212 supplicio

347 1251 419 1301 π
446 1232 929 1313 ignominiaque
984 1232 1273 1312 perituri.
1362 1232 1780 1312 Quamquam
1837 1237 2117 1295 mortem
2176 1230 2445 1312 quidem
2502 1237 2711 1294 natura
2729 1232 2785 1293 13

448 1334 751 1398 omnibus
783 1332 1142 1413 preposuit,
1182 1331 1634 1395 crudelitatem
1671 1332 1900 1395 mortis
1934 1337 2004 1394 et
2038 1330 2318 1395 dedecus
2352 1331 2564 1393 virtus
2593 1339 2715 1411 pro-

445 1434 705 1515 pulsare
750 1432 935 1507 solet,
984 1451 1154 1512 quae
1215 1431 1481 1512 propria
1534 1436 1637 1494 est
1693 1431 1978 1494 Romani
2022 1431 2272 1510 generis
2321 1436 2393 1494 et
2460 1430 2711 1494 seminis,

449 1534 638 1595 Hanc
689 1532 983 1609 retinete,
1036 1539 1298 1612 quaeso,
1369 1550 1571 1611 quam
1642 1532 1829 1594 vobis
1898 1536 2241 1611 tamquam
2310 1529 2714 1596 hereditatem

448 1633 723 1697 maiores
753 1636 954 1694 vestri
980 1631 1397 1711 reliquerunt.
1489 1630 1661 1693 Nam
1691 1651 1839 1694 cum
1872 1630 2000 1694 alia
2027 1630 2248 1695 omnia
2276 1630 2462 1707 falsa,
2494 1631 2712 1694 incerta

355 1752 416 1796 25
449 1732 599 1808 sint,
633 1731 899 1808 caduca,
932 1731 1216 1806 mobilia,
1249 1731 1460 1793 virtus
1490 1735 1589 1793 est
1617 1738 1752 1793 una
1781 1730 2111 1793 altissimis
2140 1730 2363 1795 defixa
2390 1730 2713 1804 radicibus;

449 1851 618 1912 quae
653 1819 1016 1911 numquam
1051 1839 1120 1893 vi
1152 1830 1287 1894 ulla
1318 1830 1702 1894 labefactari
1732 1836 1975 1911 potest,
2013 1850 2378 1911 numquam
2415 1831 2714 1893 demoveri

450 1931 609 1995 loco.
701 1931 846 1994 Hac
879 1932 1127 1994 virtute
1170 1930 1446 1994 maiores
1490 1934 1690 1993 vestri
1733 1939 2018 2010 primum
2062 1930 2435 1993 universam
2481 1923 2714 1992 Italiam
2808 1986 2809 1999 ς

451 2032 850 2107 devicerunt,
930 2031 1163 2094 deinde
1260 2031 1738 2109 Karthaginem
1824 2031 2224 2106 excideruntr
2306 2029 2706 2093 Numantiam
2808 2014 2809 2023 ἵ

451 2137 847 2208 everterunt,
860 2130 1348 2212 potentissimos
1364 2140 1543 2210 reges
1559 2126 2074 2195 bellicosissimas
2092 2135 2318 2210 gentes
2336 2129 2405 2192 in
2425 2130 2713 2194 dicionem

356 2254 420 2296 so
451 2233 643 2295 huius
679 2232 933 2312 imperii
967 2231 1369 2311 redegerunt.

533 2335 598 2399 6.
647 2332 739 2395 Ac
808 2332 1160 2394 maioribus
1226 2331 1491 2411 quidem
1558 2337 1809 2408 vestris,
1878 2331 2180 2408 Quirites,
2233 2352 2383 2394 cum
2432 2340 2508 2393 eo
2554 2329 2712 2393 hoste
2727 2326 2779 2388 14

453 2442 552 2496 res
601 2438 763 2508 erat,
815 2439 929 2511 qui·
977 2431 1247 2494 haberet
1293 2451 1431 2493 rem
1480 2431 1834 2511 publicani,
1908 2432 2172 2507 curiam,
2215 2432 2553 2506 aerarium,
2591 2438 2715 2492 con-

453 2542 712 2596 sensum
750 2537 819 2595 et
858 2530 1268 2594 concordiam
1328 2530 1591 2606 civium,
1652 2531 1972 2594 rationem
2030 2531 2339 2610 aliquam,
2401 2539 2456 2592 si
2511 2529 2602 2592 ita
2632 2537 2714 2590 res
2806 2547 2807 2636 1

453 2633 728 2707 tulisset,
789 2631 971 2712 pacis
1040 2636 1109 2694 et
1179 2630 1482 2708 foederis3
1550 2629 1655 2694 hic
1719 2637 1935 2694 vester
1995 2630 2203 2693 hostis
2263 2637 2548 2693 vestram
2600 2646 2714 2690 rem

389 2756 422 2801 ι
451 2731 781 2814 publicam
850 2735 1208 2811 oppugnat,
1280 2730 1418 2809 ipse
1497 2729 1700 2794 habet
1766 2730 2040 2807 nullam;
2120 2735 2443 2806 senatum,
2511 2728 2574 2790 id
2633 2732 2715 2788 est

524 2861 595 2902 12.
631 2859 926 2902 obruatur:
960 2857 1152 2901 treated
1206 2868 1260 2900 as
1313 2868 1377 2901 an
1421 2858 1558 2901 inde-
1643 2857 1742 2899 and
1762 2860 1825 2905 4;.
1845 2857 1891 2898 H
1911 2858 2016 2905 649,
2037 2856 2110 2906 ῙΙ;
2144 2858 2250 2905 650.
2274 2858 2322 2904 1;
2341 2856 2487 2898 Η.-Β.
2505 2853 2712 2902 2343537.

454 2925 670 2979 pendent
714 2924 877 2968 clause
928 2925 1027 2974 (see
1071 2935 1135 2966 on
1179 2926 1230 2968 8.
1262 2926 1307 2974 3,
1343 2924 1411 2974 4),
1456 2924 1555 2967 and
1644 2924 1718 2974 b).
1782 2921 1855 2967 cf.
1888 2923 2069 2966 double
2125 2922 2353 2973 question
2407 2920 2528 2965 with
2577 2929 2712 2965 necne.

454 2993 599 3036 made
627 2991 941 3043 subjunctive
968 2991 1373 3042 ,iussin—‘since
1398 2991 1438 3034 it
1468 2991 1557 3034 has
1645 2990 1715 3035 11.
1750 2992 1799 3034 8.
1835 2992 1909 3035 15.
2804 2991 2805 2994 ’

454 3058 605 3102 fallen
624 3059 730 3101 into
750 3069 779 3101 a
801 3058 875 3110 pit
896 3058 964 3101 let
986 3057 1026 3100 it
1049 3058 1111 3101 be
1132 3056 1302 3100 buried
1323 3057 1495 3101 there!
1707 3059 1784 3101 24.
1818 3066 1977 3102 cum:
2010 3056 2208 3101 ‘while.’

525 3128 594 3168 13.
628 3124 840 3169 numus
880 3154 895 3168 .
932 3154 946 3167 .
985 3154 999 3168 .
1031 3125 1362 3168 recusanda:
1489 3135 1554 3167 sc.

454 3192 604 3242 nobie,
630 3192 715 3235 the
740 3201 877 3234 sense
905 3191 1065 3242 being.
1099 3191 1193 3233 ‘we
1212 3190 1338 3233 shall
1356 3190 1484 3234 have
1504 3196 1556 3234 to
1710 3192 1793 3235 We
1815 3190 1931 3235 have
1951 3191 2024 3235 the
2046 3191 2307 3242 advantaoe
2329 3202 2447 3240 now.
2472 3190 2565 3232 and
2584 3186 2612 3231 I
2634 3183 2713 3229 will

454 3259 637 3302 submit
674 3263 728 3302 to
760 3268 910 3311 every
945 3258 1072 3301 form
1107 3258 1160 3300 of
1192 3256 1323 3301 cruel
1356 3258 1558 3310 punish·
1644 3259 1758 3301 omit
1794 3269 1859 3301 no
1894 3259 2043 3309 effert.
2118 3258 2323 3309 Todav's
2359 3258 2510 3301 events
2542 3256 2636 3307 aive
2665 3261 2713 3294 us

454 3325 626 3368 ment!
1645 3336 1746 3368 new
1768 3325 1888 3376 hope
1908 3326 1985 3377 tor
2007 3325 2082 3368 the
2102 3325 2278 3376 future.

523 3394 589 3436 15.
644 3400 799 3436 mox:
845 3402 911 3436 sc.
960 3392 1199 3439 tenebitur.
1254 3395 1350 3435 etc.
1421 3393 1556 3435 novi
1707 3389 1760 3440 6.
1799 3394 1840 3435 1.
1875 3391 2182 3435 rumoribus
2221 3420 2236 3434 .
2274 3420 2288 3434 .
2326 3421 2340 3435 .
2372 3399 2457 3434 m
2482 3389 2614 3432 erat:
2647 3394 2711 3428 see

455 3458 733 3503 eonsules:
797 3460 989 3502 Hirtius
1019 3459 1119 3502 and
1154 3460 1327 3507 Pansa,
1361 3459 1557 3501 consuls
1642 3469 1706 3501 on
1729 3460 1778 3502 ὅ.
1814 3460 1887 3501 10.
1951 3467 2017 3501 eo
2037 3458 2219 3501 host&
2253 3458 2356 3500 The
2375 3455 2711 3500 reterenoeisto

454 3525 531 3569 tor
555 3527 613 3568 43
644 3526 742 3575 (see
765 3536 829 3569 on
856 3527 1055 3575 Brutus,
1082 3527 1245 3569 consul
1267 3526 1553 3577 desimus.
1644 3536 1709 3569 no
1726 3524 1993 3578 particular
2014 3527 2103 3574 foe.
2128 3525 2219 3567 but
2241 3528 2294 3567 to
2311 3536 2342 3568 a
2357 3528 2476 3576 type
2495 3516 2709 3565 described
2802 3571 2803 3580 ἵ

454 3591 506 3635 4.
542 3592 639 3644 11).
1644 3594 1711 3644 by
1730 3592 1815 3636 the
1835 3592 2194 3635 characteristic
2213 3592 2376 3636 clause
2396 3592 2478 3643 qui
2495 3587 2664 3632 haberet.
2802 3585 2803 3594 ¹

522 3658 595 3701 18.
629 3659 842 3710 agitur:
878 3660 1001 3702 ‘The
1020 3660 1247 3709 question
1263 3662 1317 3702 at
1334 3658 1464 3702 issue
1480 3658 1555 3702 is!
1706 3662 1751 3703 2.
1784 3668 1907 3703 rem
1944 3658 2254 3711 publicauit
2289 3660 2342 3702 ‘a
2383 3659 2538 3708 state‚’
2575 3657 2619 3698 ‘a
2639 3663 2710 3695 118·

523 3727 595 3770 19.
644 3726 875 3769 victuri:
936 3731 1023 3769 not
1064 3727 1190 3768 from
1233 3727 1381 3770 vinco.
1445 3716 1557 3769 'vio-
1644 3725 1784 3770 tion!

455 3792 645 3839 {usiae
675 3820 691 3835 .
720 3820 735 3836 .
764 3820 779 3835 .
806 3801 882 3836 an
911 3820 925 3835 .
956 3822 970 3835 .
1000 3822 1014 3835 .
1039 3793 1295 3843 perituri:
1350 3792 1556 3834 indirect
1706 3795 1750 3835 3.
1785 3793 2065 3835 rationem
2102 3821 2116 3835 .
2154 3822 2169 3836 .
2206 3821 2221 3836 .
2252 3792 2507 3836 foederis:
2540 3783 2706 3832 bulso!

455 3859 635 3901 double
672 3859 896 3908 question
940 3859 1018 3906 (A.
1055 3861 1167 3907 335;
1204 3861 1315 3907 574;
1353 3860 1411 3901 Β.
1448 3861 1556 3910 300,
1595 3860 1605 3894 ⁸
1645 3863 1873 3911 treatmg.
