2913 4338
1059 259 1213 313 CAP.
1258 261 1416 325 9-10,
1462 253 1537 335 §g
1584 262 1759 314 22-25
2532 256 2655 319 239

144 449 212 494 lo
241 452 581 495 manuum
609 438 981 496 nostrerum
1011 432 1142 495 tela
1167 433 1601 513 pervenerint,
1630 432 1859 496 eedem
1886 433 2155 512 gleriam
2184 433 2558 514 famamque

241 538 629 612 penetrare,
669 532 847 612 quod
884 552 1032 595 cum
1069 532 1224 612 ipsis
1257 532 1535 612 populis,
1575 532 1656 596 de
1691 542 1969 612 querum
2005 534 2198 596 rebus
2233 533 2553 610 scribitur,

243 631 423 695 haec
459 632 681 711 ampla
714 637 888 708 sunt,
924 637 1069 694 tum
1100 632 1179 694 iis
1211 637 1403 708 certe,
1438 641 1553 712 qui
1586 631 1668 695 de
1700 638 1842 695 vite,
1872 632 2110 712 gleriae
2143 642 2340 696 cause,
2372 633 2558 695 dimi-

244 737 438 807 cant,
456 731 582 794 hoc
604 731 964 793 maximum
980 736 1048 793 et
1060 729 1491 811 periculorum
1512 731 2009 795 incitamentum
2031 736 2132 794 est
2152 737 2221 795 et
2239 732 2553 796 laberum.

245 831 483 907 Quam
526 831 768 894 multes
809 837 1151 911 scripteres
1191 841 1404 894 rerum
1446 841 1712 894 suerum
1746 851 2022 911 magnus
2055 832 2160 895 ille
2195 818 2559 895 Alexander
2574 836 2654 897 24

147 948 212 991 15
245 940 489 993 secum
547 930 848 993 habuisse
905 930 1164 993 dicitur!
1210 932 1428 1011 Atque
1485 930 1540 993 is
1595 937 1838 1008 tamen,
1900 952 2048 994 cum
2104 931 2173 993 in
2230 934 2416 1011 Sigee
2473 932 2558 995 ad

245 1030 533 1093 Achillis
555 1030 883 1093 tumulum
907 1029 1292 1096 adstitisset:
1331 1022 1420 1093 ‘O
1459 1031 1945 1109 fortflnete‚.’
2010 1032 2244 1112 inquit,
2309 1032 2531 1095 ‘adu-

244 1130 608 1206 lescens‚
698 1138 839 1210 qui
944 1134 1149 1193 tuae
1241 1130 1604 1194 virtsitis
1696 1132 2136 1195 Homerum
2229 1141 2558 1212 praece-

245 1250 441 1293 nem
521 1230 949 1293 inveneris
974 1229 1017 1292 1’
1107 1232 1196 1293 Et
1224 1240 1390 1293 vere.
1482 1230 1673 1308 Nam,
1704 1230 1828 1293 nisi
1863 1224 2017 1293 Ilias
2054 1231 2168 1294 illa
2210 1232 2554 1308 extitisset,

246 1330 438 1393 idem
474 1329 787 1406 tumulus,
826 1338 940 1410 qui
974 1350 1205 1410 corpus
1240 1329 1378 1393 eius
1413 1336 1812 1407 contexerat,
1851 1340 2089 1393 nemen
2124 1333 2324 1413 etiam
2361 1334 2553 1397 obru-

147 1446 217 1491 20
248 1429 438 1493 isset.
529 1429 738 1505 Quid?
821 1435 1040 1493 noster
1085 1430 1186 1494 hic
1233 1430 1527 1510 MagnuS,
1574 1439 1690 1511 qui
1734 1451 1882 1494 cum
1929 1432 2175 1493 virtsite
2220 1432 2555 1495 fortunam

253 1529 685 1610 adaequavit,
708 1539 924 1592 nenne
942 1529 1409 1609 Theophanem,
1427 1530 1915 1608 Mytilenaeum,
1939 1537 2323 1611 scripterem
2346 1541 2559 1594 rerum

251 1639 552 1706 suerum,
606 1628 676 1690 in
728 1629 1030 1692 centiene
1080 1629 1362 1692 militum
1417 1629 1688 1694 civitate
1740 1629 2036 1707 donavit,
2092 1637 2161 1694 et
2212 1637 2419 1694 nostri·
2470 1631 2561 1692 illi

253 1730 468 1793 fortes
519 1728 664 1806 viri,
713 1727 828 1793 sed
879 1728 1105 1792 rustici
1157 1750 1232 1792 ac
1287 1728 1545 1808 milite8‚
1591 1729 1931 1793 dulcedine
1982 1730 2269 1811 quedam
2323 1730 2562 1810 gleriae

255 1835 581 1894 comme->ti
618 1828 804 1909 quasi
841 1828 1193 1910 participes
1230 1828 1521 1892 eiusdem
1558 1829 1771 1892 laudis
1807 1839 2046 1909 magne
2082 1830 2242 1892 illud
2283 1830 2562 1895 clemere

157 1946 224 1990 25
258 1930 837 2010 approbeverunt?
920 1928 1176 2008 Itaque,
1212 1928 1423 2005 crede,
1458 1936 1515 1991 si
1544 1929 1703 1993 civis
1735 1930 2075 1993 Remenus
2107 1930 2376 1993 Archias
2405 1930 2558 2011 legi·
2573 1934 2657 1996 25

250 2030 384 2093 bus
417 2037 551 2091 nen
582 2034 771 2105 esset,
806 2033 885 2091 ut
916 2029 999 2091 ab
1034 2028 1252 2109 alique
1284 2029 1675 2108 imperetere
1707 2030 1977 2092 civitate
2011 2029 2383 2106 demiretur,
2416 2049 2562 2111 per-

258 2130 453 2193 ficere
511 2137 645 2192 nen
700 2128 939 2209 potuit.
1027 2128 1206 2193 Sulla
1263 2149 1413 2192 cum
1474 2128 1802 2210 Hispenes
1858 2135 1927 2193 et
1986 2128 2205 2193 Galles
2265 2130 2557 2207 deneret,

260 2229 479 2307 crede,
518 2229 692 2292 hunc
727 2234 1062 2311 petentem
1097 2229 1503 2309 repudiasset
1510 2249 1528 2304 ;
1566 2249 1760 2309 quem
1798 2239 1917 2292 nes
1954 2230 2021 2291 in
2060 2230 2361 2294 centiene
2397 2231 2562 2293 vidi-

261 2350 431 2407 muS,
472 2350 623 2392 cum
659 2336 719 2391 ei
752 2328 1040 2392 libellum
1076 2329 1286 2391 malus
1318 2334 1518 2411 poeta
1553 2329 1635 2392 de
1667 2317 1911 2412 popule
1949 2330 2344 2406 subiecisset,
2383 2328 2561 2410 quod

169 2447 233 2492 ao
260 2431 668 2511 epigramma
722 2428 792 2491 in
847 2449 996 2492 eum
1055 2429 1311 2491 fecisset
1366 2434 1631 2492 tantum
1690 2429 1886 2493 modo
1947 2430 2211 2492 alternis
2269 2430 2563 2493 versibus

261 2529 699 2609 longiusculiS,
738 2528 965 2591 statim
1000 2548 1084 2590 ex
1117 2529 1193 2591 iis
1225 2530 1437 2605 rebuS,
1478 2538 1642 2608 ques
1676 2533 1822 2591 tum
1860 2529 2209 2605 vendebat,
2250 2528 2467 2592 iubere
2502 2538 2562 2591 ei

261 2629 629 2710 praemium
669 2629 890 2705 tribui,
933 2628 1046 2690 sed
1085 2637 1163 2690 ee
1204 2628 1596 2704 condiciene,
1641 2638 1722 2691 ne
1763 2629 1921 2709 quid
1961 2634 2191 2710 postee
2232 2631 2556 2692 scriberet.

265 2859 398 2901 aiter
431 2857 795 2901 incitamentum
828 2857 909 2900 est.
978 2856 1045 2900 de
1078 2856 1222 2900 uta:
1295 2857 1369 2900 ‘at

265 2925 358 2968 the
446 2923 550 2966 risk
628 2925 681 2967 ot
759 2922 876 2968 life!
975 2922 1367 2975 periculorum,

262 2991 555 3036 laborum:
607 2990 870 3041 objective.

1455 2856 1553 2900 but
1587 2856 1673 2900 the
1704 2856 1833 2908 right
1868 2868 1968 2899 was
2000 2856 2281 2899 sometimes
2313 2857 2558 2901 exercised

1455 2922 1530 2976 by
1553 2923 1772 2974 generals
1796 2923 2009 2974 through
2033 2934 2064 2967 a
2088 2921 2267 2974 special
2291 2921 2384 2966 law
2409 2933 2465 2965 or
2486 2923 2558 2976 by

1458 2991 1768 3042 usurpation.
1824 2989 2076 3034 eiusdem
2097 2989 2305 3035 laud-1⁸:
2350 2989 2445 3040 i.e.,
2472 2990 2559 3034 the

335 3059 505 3102 15-18.
539 3056 717 3109 sigeo:
780 3068 812 3100 a
841 3060 1164 3109 promontory
1194 3057 1370 3100 north-

264 3128 390 3168 west
422 3124 477 3168 or
509 3124 654 3175 Troy.
718 3124 841 3176 qui:
909 3123 1062 3166 ‘since
1093 3124 1228 3175 you.’
1302 3124 1372 3167 st

265 3200 423 3236 vere:
465 3201 535 3235 sc.
556 3190 695 3235 dixit.

333 3259 504 3301 20-24.
537 3258 726 3301 noster
771 3257 862 3301 hio
909 3257 1177 3309 magnus:
1271 3257 1366 3308 Le..

268 3325 509 3376 Pompey,
547 3325 600 3367 in
636 3327 855 3367 contrast
893 3324 1014 3368 with
1049 3335 1254 3376 maanus
1289 3325 1370 3367 ille

269 3391 557 3440 Alexander.
576 3390 612 3437 1.
636 3393 710 3435 14.
762 3390 1185 3442 Theophanem:
1225 3391 1370 3434 Pom-

265 3468 366 3510 pey
400 3457 603 3500 became
634 3457 929 3507 acquainted
964 3458 1085 3501 with
1117 3457 1223 3499 him
1255 3458 1370 3500 dur-

264 3524 355 3575 ing
401 3522 490 3567 the
539 3523 841 3567 Mithridatio
888 3524 1018 3574 war,
1066 3522 1167 3567 and
1215 3523 1369 3566 Theo·

264 3590 461 3644 phanes
522 3601 624 3634 was
685 3591 951 3634 thereatter
1011 3600 1080 3634 an
1139 3590 1370 3634 intimate

264 3656 446 3702 friend.
517 3656 597 3700 He
629 3657 851 3701 received
887 3657 1175 3711 citizenship
1211 3658 1367 3702 about

265 3727 342 3769 62.
418 3723 668 3786 civitate
691 3724 946 3770 donavit:
1025 3724 1368 3776 theoretically

265 3791 352 3836 the
373 3790 510 3842 right
534 3793 590 3834 to
611 3790 797 3833 bestow
821 3791 1106 3843 citizenship
1130 3790 1368 3842 belonged

263 3859 385 3911 only
407 3863 464 3902 to
487 3857 575 3901 the
596 3857 770 3910 people
789 3856 842 3900 in
863 3857 1055 3901 comitia
1075 3857 1364 3908 assembled‚

1459 3058 1619 3108 praise
1639 3055 1889 3100 bestowed
1910 3067 2046 3109 upon
2069 3057 2288 3110 Pompey
2309 3056 2380 3109 by
2401 3056 2559 3100 Theo-

1458 3123 1693 3235 Ρὴζξξέὶ.
1726 3199 1843 3234 non
1878 3190 2092 3243 potum
2165 3189 2250 3235 ‘he
2283 3189 2429 3233 could
2465 3194 2554 3234 not

1454 3256 1586 3300 have
1616 3257 1829 3308 brought
1861 3257 1902 3300 it
1934 3256 2125 3301 about!
2190 3257 2285 3300 For
2316 3257 2401 3299 the
2430 3258 2557 3309 peri-

1456 3323 1647 3376 phrasis
1669 3325 1886 3376 perficere
1906 3325 1959 3367 ut
1979 3324 2232 3367 donaretur
2252 3335 2330 3367 see
2351 3326 2468 3367 note
2488 3335 2555 3367 on

1456 3391 1552 3434 111.
1579 3392 1628 3434 3.
1656 3392 1733 3434 14.
1791 3390 2048 3434 donaret:
2094 3390 2389 3435 semivitate.
2446 3399 2557 3434 cre-
2640 3396 2644 3400 ·

1455 3457 1549 3501 do:
1601 3457 1958 3509 parenthetical
1978 3456 2078 3500 and
2097 3456 2316 3502 ironical.
2358 3465 2554 3508 quem:

1453 3524 1646 3574 subject
1686 3525 1740 3567 oi
1776 3523 1949 3574 iubere,
1989 3523 2024 3569 l.
2064 3526 2142 3570 31.
2216 3524 2283 3568 de
2322 3524 2554 3577 populos

1460 3591 1608 3634 ‘from
1635 3600 1816 3640 among
1844 3589 1930 3633 the
1957 3589 2168 3643 people,’
2195 3589 2350 3634 hence
2377 3603 2407 3635 a
2435 3603 2553 3635 man

1452 3658 1506 3700 ot
1539 3668 1603 3700 no
1636 3657 1902 3701 education
1935 3657 2034 3701 and
2066 3667 2101 3702 a
2130 3657 2387 3701 worthless
2418 3662 2555 3711 poet.

1454 3724 1801 3769 subiecisset:
1879 3724 2066 3769 ‘thrust
2104 3724 2210 3778 up!
2279 3724 2416 3769 Sulla
2452 3735 2554 3769 was

1454 3791 1623 3834 seated
1648 3802 1714 3835 on
1737 3791 1814 3834 his
1835 3791 2053 3835 tribunal
2075 3792 2129 3835 in
2151 3792 2238 3835 the
2260 3792 2421 3835 torum
2445 3791 2555 3835 sell-

1453 3858 1541 3909 ing
1568 3856 1654 3901 the
1681 3862 1918 3911 property
1946 3860 1998 3902 oi
2026 3859 2304 3912 proscribed
2334 3868 2547 3910 persons
