<?xml version="1.0" encoding="UTF-8"?>
<!DOCTYPE html PUBLIC "-//W3C//DTD XHTML 1.0 Transitional//EN"
    "http://www.w3.org/TR/xhtml1/DTD/xhtml1-transitional.dtd">
<html xmlns="http://www.w3.org/1999/xhtml" xml:lang="en" lang="en">
 <head>
  <title>
</title>
<meta http-equiv="Content-Type" content="text/html;charset=utf-8" />
  <meta name='ocr-system' content='tesseract 3.04.00' />
  <meta name='ocr-capabilities' content='ocr_page ocr_carea ocr_par ocr_line ocrx_word'/>
</head>
<body>
  <div class='ocr_page' id='page_1' title='image "./selectedoration00kinggoog_0118.png"; bbox 0 0 2913 4338; ppageno 0'>
   <div class='ocr_carea' id='block_1_1' title="bbox 289 286 2109 354">
    <p class='ocr_par' dir='ltr' id='par_1_1' title="bbox 289 286 2109 354">
     <span class='ocr_line' id='line_1_1' title="bbox 289 286 2109 354; baseline -0.007 0"><span class='ocrx_word' id='word_1_1' title='bbox 289 292 408 354; x_wconf 87' lang='lat'><strong>100</strong></span> <span class='ocrx_word' id='word_1_2' title='bbox 911 288 1195 345; x_wconf 87' lang='lat' dir='ltr'><strong>ORATIO</strong></span> <span class='ocrx_word' id='word_1_3' title='bbox 1256 289 1339 344; x_wconf 93' lang='lat' dir='ltr'><strong>IN</strong></span> <span class='ocrx_word' id='word_1_4' title='bbox 1393 287 1809 342; x_wconf 87' lang='lat' dir='ltr'>CATILINAM</span> <span class='ocrx_word' id='word_1_5' title='bbox 1869 286 2109 342; x_wconf 85' lang='lat' dir='ltr'>PRIMA</span> 
     </span>
    </p>
   </div>
   <div class='ocr_carea' id='block_1_2' title="bbox 275 458 2773 1939">
    <p class='ocr_par' dir='ltr' id='par_1_2' title="bbox 275 458 2773 1939">
     <span class='ocr_line' id='line_1_2' title="bbox 372 458 2662 547; baseline -0.003 -18"><span class='ocrx_word' id='word_1_6' title='bbox 372 465 657 547; x_wconf 81' lang='lat' dir='ltr'><strong>plurium</strong></span> <span class='ocrx_word' id='word_1_7' title='bbox 694 463 1006 545; x_wconf 84' lang='lat' dir='ltr'><strong>sanguine</strong></span> <span class='ocrx_word' id='word_1_8' title='bbox 1041 473 1173 527; x_wconf 79' lang='lat' dir='ltr'><strong>non</strong></span> <span class='ocrx_word' id='word_1_9' title='bbox 1212 460 1408 527; x_wconf 90' lang='lat' dir='ltr'><strong>modo</strong></span> <span class='ocrx_word' id='word_1_10' title='bbox 1444 470 1515 525; x_wconf 74' lang='lat' dir='ltr'><strong>se</strong></span> <span class='ocrx_word' id='word_1_11' title='bbox 1551 470 1680 524; x_wconf 77' lang='lat' dir='ltr'><strong>non</strong></span> <span class='ocrx_word' id='word_1_12' title='bbox 1718 460 2267 537; x_wconf 70' lang='lat' dir='ltr'><strong>contaminarunt,</strong></span> <span class='ocrx_word' id='word_1_13' title='bbox 2308 458 2422 523; x_wconf 89' lang='lat' dir='ltr'><strong>sed</strong></span> <span class='ocrx_word' id='word_1_14' title='bbox 2456 459 2662 524; x_wconf 88' lang='lat' dir='ltr'><strong>etiam</strong></span> 
     </span>
     <span class='ocr_line' id='line_1_3' title="bbox 371 559 2662 641; baseline -0.002 -13"><span class='ocrx_word' id='word_1_15' title='bbox 371 565 819 640; x_wconf 77' lang='lat' dir='ltr'><strong>honestarunt,</strong></span> <span class='ocrx_word' id='word_1_16' title='bbox 837 570 1009 627; x_wconf 75' lang='lat' dir='ltr'><strong>certe</strong></span> <span class='ocrx_word' id='word_1_17' title='bbox 1028 562 1384 626; x_wconf 89' lang='lat' dir='ltr'><strong>verendum</strong></span> <span class='ocrx_word' id='word_1_18' title='bbox 1404 561 1564 623; x_wconf 92' lang='lat' dir='ltr'><strong>mihi</strong></span> <span class='ocrx_word' id='word_1_19' title='bbox 1583 570 1713 623; x_wconf 79' lang='lat' dir='ltr'><strong>non</strong></span> <span class='ocrx_word' id='word_1_20' title='bbox 1732 566 1892 636; x_wconf 90' lang='lat' dir='ltr'><strong>erat,</strong></span> <span class='ocrx_word' id='word_1_21' title='bbox 1916 569 1996 623; x_wconf 76' lang='lat' dir='ltr'><strong>ne</strong></span> <span class='ocrx_word' id='word_1_22' title='bbox 2015 560 2174 641; x_wconf 87' lang='lat' dir='ltr'><strong>quid</strong></span> <span class='ocrx_word' id='word_1_23' title='bbox 2193 560 2314 623; x_wconf 76' lang='lat' dir='ltr'><strong>hoc</strong></span> <span class='ocrx_word' id='word_1_24' title='bbox 2336 559 2662 641; x_wconf 74' lang='lat' dir='ltr'><strong>parricida</strong></span> 
     </span>
     <span class='ocr_line' id='line_1_4' title="bbox 373 659 2661 742; baseline -0.002 -14"><span class='ocrx_word' id='word_1_25' title='bbox 373 665 613 729; x_wconf 83' lang='lat' dir='ltr'><strong>civium</strong></span> <span class='ocrx_word' id='word_1_26' title='bbox 643 664 986 728; x_wconf 79' lang='lat' dir='ltr'><strong>interfecto</strong></span> <span class='ocrx_word' id='word_1_27' title='bbox 1014 662 1304 725; x_wconf 88' lang='lat' dir='ltr'><strong>invidiae</strong></span> <span class='ocrx_word' id='word_1_28' title='bbox 1333 662 1400 723; x_wconf 91' lang='lat' dir='ltr'><strong>in</strong></span> <span class='ocrx_word' id='word_1_29' title='bbox 1428 661 1881 742; x_wconf 66' lang='lat' dir='ltr'><strong>posteritatem</strong></span> <span class='ocrx_word' id='word_1_30' title='bbox 1911 659 2321 723; x_wconf 77' lang='lat' dir='ltr'><strong>redundaret.</strong></span> <span class='ocrx_word' id='word_1_31' title='bbox 2412 661 2661 737; x_wconf 80' lang='lat' dir='ltr'>Quodsi</span> 
     </span>
     <span class='ocr_line' id='line_1_5' title="bbox 280 760 2663 843; baseline -0.002 -15"><span class='ocrx_word' id='word_1_32' title='bbox 280 785 341 827; x_wconf 90' lang='lat'><strong>10</strong></span> <span class='ocrx_word' id='word_1_33' title='bbox 373 785 451 828; x_wconf 88' lang='lat' dir='ltr'><strong>ea</strong></span> <span class='ocrx_word' id='word_1_34' title='bbox 489 764 648 827; x_wconf 91' lang='lat' dir='ltr'><strong>mihi</strong></span> <span class='ocrx_word' id='word_1_35' title='bbox 686 763 969 827; x_wconf 75' lang='lat' dir='ltr'><strong>maxime</strong></span> <span class='ocrx_word' id='word_1_36' title='bbox 1008 761 1407 843; x_wconf 79' lang='lat' dir='ltr'><strong>inpenderet,</strong></span> <span class='ocrx_word' id='word_1_37' title='bbox 1450 766 1675 824; x_wconf 90' lang='lat' dir='ltr'><strong>tamen</strong></span> <span class='ocrx_word' id='word_1_38' title='bbox 1713 760 1835 823; x_wconf 80' lang='lat' dir='ltr'><strong>hoc</strong></span> <span class='ocrx_word' id='word_1_39' title='bbox 1877 760 2095 824; x_wconf 79' lang='lat' dir='ltr'><strong>animo</strong></span> <span class='ocrx_word' id='word_1_40' title='bbox 2134 761 2230 822; x_wconf 83' lang='lat' dir='ltr'><strong>fui</strong></span> <span class='ocrx_word' id='word_1_41' title='bbox 2267 779 2538 841; x_wconf 82' lang='lat' dir='ltr'><strong>semper,</strong></span> <span class='ocrx_word' id='word_1_42' title='bbox 2585 766 2663 824; x_wconf 92' lang='lat' dir='ltr'><strong>ut</strong></span> 
     </span>
     <span class='ocr_line' id='line_1_6' title="bbox 372 859 2661 943; baseline -0.003 -15"><span class='ocrx_word' id='word_1_43' title='bbox 372 864 685 928; x_wconf 88' lang='lat' dir='ltr'><strong>invidiam</strong></span> <span class='ocrx_word' id='word_1_44' title='bbox 751 863 998 926; x_wconf 79' lang='lat' dir='ltr'><strong>virtute</strong></span> <span class='ocrx_word' id='word_1_45' title='bbox 1078 868 1338 943; x_wconf 87' lang='lat' dir='ltr'><strong>partam</strong></span> <span class='ocrx_word' id='word_1_46' title='bbox 1402 860 1691 940; x_wconf 77' lang='lat' dir='ltr'><strong>gloriam,</strong></span> <span class='ocrx_word' id='word_1_47' title='bbox 1760 869 1892 923; x_wconf 78' lang='lat' dir='ltr'><strong>non</strong></span> <span class='ocrx_word' id='word_1_48' title='bbox 1954 859 2271 924; x_wconf 89' lang='lat' dir='ltr'><strong>invidiam</strong></span> <span class='ocrx_word' id='word_1_49' title='bbox 2333 866 2661 941; x_wconf 79' lang='lat' dir='ltr'><strong>putarem.</strong></span> 
     </span>
     <span class='ocr_line' id='line_1_7' title="bbox 374 959 2773 1046; baseline -0.001 -18"><span class='ocrx_word' id='word_1_50' title='bbox 374 966 788 1046; x_wconf 85' lang='lat' dir='ltr'><strong>Quamquam</strong></span> <span class='ocrx_word' id='word_1_51' title='bbox 837 973 970 1027; x_wconf 78' lang='lat' dir='ltr'><strong>non</strong></span> <span class='ocrx_word' id='word_1_52' title='bbox 1018 962 1176 1025; x_wconf 74' lang='lat' dir='ltr'><strong>nulli</strong></span> <span class='ocrx_word' id='word_1_53' title='bbox 1224 967 1379 1024; x_wconf 91' lang='lat' dir='ltr'><strong>sunt</strong></span> <span class='ocrx_word' id='word_1_54' title='bbox 1427 961 1495 1022; x_wconf 92' lang='lat' dir='ltr'><strong>in</strong></span> <span class='ocrx_word' id='word_1_55' title='bbox 1545 960 1667 1023; x_wconf 75' lang='lat' dir='ltr'><strong>hoc</strong></span> <span class='ocrx_word' id='word_1_56' title='bbox 1718 959 1959 1036; x_wconf 76' lang='lat' dir='ltr'><strong>ordine,</strong></span> <span class='ocrx_word' id='word_1_57' title='bbox 2012 969 2126 1041; x_wconf 83' lang='lat' dir='ltr'><strong>qui</strong></span> <span class='ocrx_word' id='word_1_58' title='bbox 2176 966 2294 1024; x_wconf 94' lang='lat' dir='ltr'><strong>aut</strong></span> <span class='ocrx_word' id='word_1_59' title='bbox 2340 980 2437 1037; x_wconf 90' lang='lat' dir='ltr'><strong>ea,</strong></span> <span class='ocrx_word' id='word_1_60' title='bbox 2490 981 2664 1041; x_wconf 89' lang='lat' dir='ltr'><strong>quae</strong></span> <span class='ocrx_word' id='word_1_61' title='bbox 2684 964 2773 1026; x_wconf 89' lang='grc'><strong>30</strong></span> 
     </span>
     <span class='ocr_line' id='line_1_8' title="bbox 374 1059 2667 1141; baseline -0.002 -14"><span class='ocrx_word' id='word_1_62' title='bbox 374 1064 713 1140; x_wconf 89' lang='lat' dir='ltr'><strong>inminent,</strong></span> <span class='ocrx_word' id='word_1_63' title='bbox 761 1072 893 1126; x_wconf 78' lang='lat' dir='ltr'><strong>non</strong></span> <span class='ocrx_word' id='word_1_64' title='bbox 938 1062 1207 1125; x_wconf 88' lang='lat' dir='ltr'><strong>videant</strong></span> <span class='ocrx_word' id='word_1_65' title='bbox 1252 1067 1369 1124; x_wconf 92' lang='lat' dir='ltr'><strong>aut</strong></span> <span class='ocrx_word' id='word_1_66' title='bbox 1412 1080 1509 1137; x_wconf 88' lang='lat' dir='ltr'><strong>ea,</strong></span> <span class='ocrx_word' id='word_1_67' title='bbox 1558 1079 1726 1140; x_wconf 91' lang='lat' dir='ltr'><strong>quae</strong></span> <span class='ocrx_word' id='word_1_68' title='bbox 1771 1060 2016 1136; x_wconf 88' lang='lat' dir='ltr'><strong>vident,</strong></span> <span class='ocrx_word' id='word_1_69' title='bbox 2066 1059 2475 1123; x_wconf 89' lang='lat' dir='ltr'><strong>dissimulent</strong></span> <span class='ocrx_word' id='word_1_70' title='bbox 2484 1081 2501 1137; x_wconf 90' lang='lat'>;</span> <span class='ocrx_word' id='word_1_71' title='bbox 2548 1070 2667 1141; x_wconf 82' lang='lat' dir='ltr'><strong>qui</strong></span> 
     </span>
     <span class='ocr_line' id='line_1_9' title="bbox 370 1159 2664 1245; baseline -0.001 -19"><span class='ocrx_word' id='word_1_72' title='bbox 370 1184 551 1245; x_wconf 91' lang='lat' dir='ltr'><strong>spem</strong></span> <span class='ocrx_word' id='word_1_73' title='bbox 588 1163 904 1227; x_wconf 84' lang='lat' dir='ltr'><strong>Catilinae</strong></span> <span class='ocrx_word' id='word_1_74' title='bbox 939 1162 1241 1225; x_wconf 90' lang='lat' dir='ltr'><strong>mollibus</strong></span> <span class='ocrx_word' id='word_1_75' title='bbox 1276 1160 1615 1223; x_wconf 81' lang='lat' dir='ltr'><strong>sententiis</strong></span> <span class='ocrx_word' id='word_1_76' title='bbox 1662 1159 1963 1223; x_wconf 76' lang='lat' dir='ltr'><strong>aluerunt</strong></span> <span class='ocrx_word' id='word_1_77' title='bbox 2017 1160 2664 1242; x_wconf 70' lang='lat' dir='ltr'><strong>coniurationemque</strong></span> 
     </span>
     <span class='ocr_line' id='line_1_10' title="bbox 278 1261 2662 1339; baseline -0.001 -13"><span class='ocrx_word' id='word_1_78' title='bbox 278 1284 337 1327; x_wconf 87' lang='lat'><strong>15</strong></span> <span class='ocrx_word' id='word_1_79' title='bbox 370 1269 744 1328; x_wconf 72' lang='lat' dir='ltr'><strong>nascentem</strong></span> <span class='ocrx_word' id='word_1_80' title='bbox 781 1272 912 1325; x_wconf 78' lang='lat' dir='ltr'><strong>non</strong></span> <span class='ocrx_word' id='word_1_81' title='bbox 948 1261 1267 1325; x_wconf 76' lang='lat' dir='ltr'><strong>credendo</strong></span> <span class='ocrx_word' id='word_1_82' title='bbox 1303 1261 1884 1324; x_wconf 75' lang='lat' dir='ltr'><strong>corroboraverunt</strong></span> <span class='ocrx_word' id='word_1_83' title='bbox 1892 1280 1908 1337; x_wconf 90' lang='lat'>;</span> <span class='ocrx_word' id='word_1_84' title='bbox 1946 1270 2225 1339; x_wconf 77' lang='lat' dir='ltr'><strong>quorum</strong></span> <span class='ocrx_word' id='word_1_85' title='bbox 2263 1261 2662 1324; x_wconf 75' lang='lat' dir='ltr'><strong>auctoritate</strong></span> 
     </span>
     <span class='ocr_line' id='line_1_11' title="bbox 371 1359 2662 1442; baseline -0.001 -17"><span class='ocrx_word' id='word_1_86' title='bbox 371 1364 562 1426; x_wconf 84' lang='lat' dir='ltr'><strong>multi</strong></span> <span class='ocrx_word' id='word_1_87' title='bbox 616 1372 747 1426; x_wconf 77' lang='lat' dir='ltr'><strong>non</strong></span> <span class='ocrx_word' id='word_1_88' title='bbox 801 1362 1011 1425; x_wconf 81' lang='lat' dir='ltr'><strong>solum</strong></span> <span class='ocrx_word' id='word_1_89' title='bbox 1055 1362 1351 1442; x_wconf 75' lang='lat' dir='ltr'><strong>improbi,</strong></span> <span class='ocrx_word' id='word_1_90' title='bbox 1399 1370 1628 1423; x_wconf 76' lang='lat' dir='ltr'><strong>verum</strong></span> <span class='ocrx_word' id='word_1_91' title='bbox 1683 1360 1884 1422; x_wconf 86' lang='lat' dir='ltr'><strong>etiam</strong></span> <span class='ocrx_word' id='word_1_92' title='bbox 1939 1359 2218 1440; x_wconf 76' lang='lat' dir='ltr'><strong>inperiti,</strong></span> <span class='ocrx_word' id='word_1_93' title='bbox 2266 1368 2321 1422; x_wconf 85' lang='lat' dir='ltr'><strong>si</strong></span> <span class='ocrx_word' id='word_1_94' title='bbox 2363 1360 2432 1421; x_wconf 91' lang='lat' dir='ltr'><strong>in</strong></span> <span class='ocrx_word' id='word_1_95' title='bbox 2485 1360 2662 1425; x_wconf 90' lang='lat' dir='ltr'><strong>hunc</strong></span> 
     </span>
     <span class='ocr_line' id='line_1_12' title="bbox 371 1459 2664 1538; baseline -0.002 -12"><span class='ocrx_word' id='word_1_96' title='bbox 371 1462 992 1538; x_wconf 86' lang='lat' dir='ltr'><strong>animadvertissem,</strong></span> <span class='ocrx_word' id='word_1_97' title='bbox 1063 1461 1409 1524; x_wconf 77' lang='lat' dir='ltr'><strong>crudeliter</strong></span> <span class='ocrx_word' id='word_1_98' title='bbox 1474 1466 1544 1523; x_wconf 91' lang='lat' dir='ltr'><strong>et</strong></span> <span class='ocrx_word' id='word_1_99' title='bbox 1610 1459 1779 1538; x_wconf 74' lang='lat' dir='ltr'><strong>regie</strong></span> <span class='ocrx_word' id='word_1_100' title='bbox 1845 1459 2095 1522; x_wconf 85' lang='lat' dir='ltr'><strong>factum</strong></span> <span class='ocrx_word' id='word_1_101' title='bbox 2161 1479 2300 1523; x_wconf 90' lang='lat' dir='ltr'><strong>esse</strong></span> <span class='ocrx_word' id='word_1_102' title='bbox 2350 1459 2664 1524; x_wconf 79' lang='lat' dir='ltr'><strong>dicerent.</strong></span> 
     </span>
     <span class='ocr_line' id='line_1_13' title="bbox 372 1558 2671 1641; baseline -0.001 -15"><span class='ocrx_word' id='word_1_103' title='bbox 372 1564 574 1636; x_wconf 81' lang='lat' dir='ltr'><strong>Nunc,</strong></span> <span class='ocrx_word' id='word_1_104' title='bbox 588 1562 909 1641; x_wconf 78' lang='lat' dir='ltr'><strong>intellego,</strong></span> <span class='ocrx_word' id='word_1_105' title='bbox 940 1570 995 1623; x_wconf 81' lang='lat' dir='ltr'><strong>si</strong></span> <span class='ocrx_word' id='word_1_106' title='bbox 1022 1562 1163 1637; x_wconf 92' lang='lat' dir='ltr'><strong>iste,</strong></span> <span class='ocrx_word' id='word_1_107' title='bbox 1195 1569 1327 1641; x_wconf 79' lang='lat' dir='ltr'><strong>quo</strong></span> <span class='ocrx_word' id='word_1_108' title='bbox 1356 1558 1658 1634; x_wconf 90' lang='lat' dir='ltr'><strong>intendit,</strong></span> <span class='ocrx_word' id='word_1_109' title='bbox 1691 1559 1758 1620; x_wconf 90' lang='lat' dir='ltr'><strong>in</strong></span> <span class='ocrx_word' id='word_1_110' title='bbox 1805 1559 2133 1621; x_wconf 76' lang='lat' dir='ltr'><strong>Manliana</strong></span> <span class='ocrx_word' id='word_1_111' title='bbox 2177 1565 2393 1623; x_wconf 90' lang='lat' dir='ltr'><strong>castra</strong></span> <span class='ocrx_word' id='word_1_112' title='bbox 2435 1571 2671 1641; x_wconf 73' lang='lat' dir='ltr'><strong>perve-</strong></span> 
     </span>
     <span class='ocr_line' id='line_1_14' title="bbox 371 1658 2668 1739; baseline -0.001 -15"><span class='ocrx_word' id='word_1_113' title='bbox 371 1663 556 1739; x_wconf 89' lang='lat' dir='ltr'><strong>nerit,</strong></span> <span class='ocrx_word' id='word_1_114' title='bbox 593 1662 916 1725; x_wconf 75' lang='lat' dir='ltr'><strong>neminem</strong></span> <span class='ocrx_word' id='word_1_115' title='bbox 938 1667 1078 1724; x_wconf 92' lang='lat' dir='ltr'><strong>tam</strong></span> <span class='ocrx_word' id='word_1_116' title='bbox 1101 1659 1378 1724; x_wconf 86' lang='lat' dir='ltr'><strong>stultum</strong></span> <span class='ocrx_word' id='word_1_117' title='bbox 1401 1661 1557 1735; x_wconf 87' lang='lat' dir='ltr'><strong>fore,</strong></span> <span class='ocrx_word' id='word_1_118' title='bbox 1583 1667 1697 1739; x_wconf 86' lang='lat' dir='ltr'><strong>qui</strong></span> <span class='ocrx_word' id='word_1_119' title='bbox 1728 1668 1860 1721; x_wconf 78' lang='lat' dir='ltr'><strong>non</strong></span> <span class='ocrx_word' id='word_1_120' title='bbox 1892 1658 2114 1722; x_wconf 90' lang='lat' dir='ltr'><strong>videat</strong></span> <span class='ocrx_word' id='word_1_121' title='bbox 2147 1660 2668 1724; x_wconf 75' lang='lat' dir='ltr'><strong>coniurationem</strong></span> 
     </span>
     <span class='ocr_line' id='line_1_15' title="bbox 275 1759 2665 1839; baseline -0.001 -14"><span class='ocrx_word' id='word_1_122' title='bbox 275 1783 338 1825; x_wconf 84' lang='lat'><strong>20</strong></span> <span class='ocrx_word' id='word_1_123' title='bbox 370 1782 506 1825; x_wconf 88' lang='lat' dir='ltr'><strong>esse</strong></span> <span class='ocrx_word' id='word_1_124' title='bbox 540 1762 807 1837; x_wconf 85' lang='lat' dir='ltr'><strong>factam,</strong></span> <span class='ocrx_word' id='word_1_125' title='bbox 845 1761 1167 1824; x_wconf 76' lang='lat' dir='ltr'><strong>neminem</strong></span> <span class='ocrx_word' id='word_1_126' title='bbox 1203 1766 1341 1823; x_wconf 90' lang='lat' dir='ltr'><strong>tam</strong></span> <span class='ocrx_word' id='word_1_127' title='bbox 1377 1759 1766 1839; x_wconf 90' lang='lat' dir='ltr'><strong>improbum,</strong></span> <span class='ocrx_word' id='word_1_128' title='bbox 1805 1767 1918 1838; x_wconf 77' lang='lat' dir='ltr'><strong>qui</strong></span> <span class='ocrx_word' id='word_1_129' title='bbox 1952 1768 2083 1821; x_wconf 77' lang='lat' dir='ltr'><strong>non</strong></span> <span class='ocrx_word' id='word_1_130' title='bbox 2117 1759 2422 1822; x_wconf 73' lang='lat' dir='ltr'><strong>fateatur.</strong></span> <span class='ocrx_word' id='word_1_131' title='bbox 2515 1760 2665 1824; x_wconf 81' lang='lat' dir='ltr'><strong>Hoc</strong></span> 
     </span>
     <span class='ocr_line' id='line_1_16' title="bbox 373 1859 2675 1939; baseline -0.002 -14"><span class='ocrx_word' id='word_1_132' title='bbox 373 1869 594 1925; x_wconf 90' lang='lat' dir='ltr'><strong>autem</strong></span> <span class='ocrx_word' id='word_1_133' title='bbox 627 1871 757 1924; x_wconf 78' lang='lat' dir='ltr'><strong>uno</strong></span> <span class='ocrx_word' id='word_1_134' title='bbox 789 1861 1130 1923; x_wconf 77' lang='lat' dir='ltr'><strong>interfecto</strong></span> <span class='ocrx_word' id='word_1_135' title='bbox 1162 1860 1465 1939; x_wconf 80' lang='lat' dir='ltr'><strong>intellego</strong></span> <span class='ocrx_word' id='word_1_136' title='bbox 1496 1859 1662 1920; x_wconf 89' lang='lat' dir='ltr'><strong>hanc</strong></span> <span class='ocrx_word' id='word_1_137' title='bbox 1695 1867 1786 1919; x_wconf 79' lang='lat' dir='ltr'><strong>rei</strong></span> <span class='ocrx_word' id='word_1_138' title='bbox 1815 1859 2114 1938; x_wconf 77' lang='lat' dir='ltr'><strong>publicae</strong></span> <span class='ocrx_word' id='word_1_139' title='bbox 2144 1865 2395 1938; x_wconf 90' lang='lat' dir='ltr'><strong>pestem</strong></span> <span class='ocrx_word' id='word_1_140' title='bbox 2426 1859 2675 1939; x_wconf 90' lang='lat' dir='ltr'><strong>paulis-</strong></span> 
     </span>
    </p>
   </div>
   <div class='ocr_carea' id='block_1_3' title="bbox 435 1984 2671 2087">
    <p class='ocr_par' dir='ltr' id='par_1_3' title="bbox 435 1984 2671 2087">
     <span class='ocr_line' id='line_1_17' title="bbox 435 1984 2671 2087; baseline -0.001 -6"><span class='ocrx_word' id='word_1_141' title='bbox 435 2040 480 2082; x_wconf 87' lang='lat'><strong>8.</strong></span> <span class='ocrx_word' id='word_1_142' title='bbox 518 2037 683 2082; x_wconf 73' lang='lat' dir='ltr'><strong>mihi:</strong></span> <span class='ocrx_word' id='word_1_143' title='bbox 747 2041 893 2087; x_wconf 90' lang='lat' dir='ltr'><strong>agent</strong></span> <span class='ocrx_word' id='word_1_144' title='bbox 927 2036 1045 2079; x_wconf 88' lang='lat' dir='ltr'><strong>with</strong></span> <span class='ocrx_word' id='word_1_145' title='bbox 1078 2036 1327 2079; x_wconf 80' lang='lat' dir='ltr'><strong>verendum</strong></span> <span class='ocrx_word' id='word_1_146' title='bbox 1359 2037 1471 2083; x_wconf 78' lang='lat' dir='ltr'><strong>erat.</strong></span> <span class='ocrx_word' id='word_1_147' title='bbox 1512 1984 1519 2024; x_wconf 56' lang='grc' dir='ltr'>ί</span> <span class='ocrx_word' id='word_1_148' title='bbox 1627 2036 1792 2078; x_wconf 90' lang='grc'><strong>12-17.</strong></span> <span class='ocrx_word' id='word_1_149' title='bbox 1829 2032 1931 2078; x_wconf 86' lang='lat' dir='ltr'><strong>The</strong></span> <span class='ocrx_word' id='word_1_150' title='bbox 1967 2034 2172 2078; x_wconf 86' lang='lat' dir='ltr'><strong>relative</strong></span> <span class='ocrx_word' id='word_1_151' title='bbox 2210 2033 2397 2078; x_wconf 86' lang='lat' dir='ltr'><strong>clauses</strong></span> <span class='ocrx_word' id='word_1_152' title='bbox 2433 2035 2486 2078; x_wconf 90' lang='lat' dir='ltr'><strong>in</strong></span> <span class='ocrx_word' id='word_1_153' title='bbox 2524 2035 2671 2079; x_wconf 69' lang='lat' dir='ltr'><strong>thaee</strong></span> 
     </span>
    </p>
   </div>
   <div class='ocr_carea' id='block_1_4' title="bbox 371 2101 2672 2688">
    <p class='ocr_par' dir='ltr' id='par_1_4' title="bbox 371 2101 2670 2423">
     <span class='ocr_line' id='line_1_18' title="bbox 373 2101 2670 2156; baseline -0.001 -8"><span class='ocrx_word' id='word_1_154' title='bbox 373 2110 506 2148; x_wconf 89' lang='lat' dir='ltr'><strong>must</strong></span> <span class='ocrx_word' id='word_1_155' title='bbox 527 2105 588 2148; x_wconf 90' lang='lat' dir='ltr'><strong>be</strong></span> <span class='ocrx_word' id='word_1_156' title='bbox 606 2103 829 2156; x_wconf 83' lang='lat' dir='ltr'><strong>supplied</strong></span> <span class='ocrx_word' id='word_1_157' title='bbox 849 2115 904 2147; x_wconf 89' lang='lat' dir='ltr'><strong>as</strong></span> <span class='ocrx_word' id='word_1_158' title='bbox 922 2103 1022 2147; x_wconf 89' lang='lat' dir='ltr'><strong>ind.</strong></span> <span class='ocrx_word' id='word_1_159' title='bbox 1043 2103 1144 2154; x_wconf 81' lang='lat' dir='ltr'><strong>obj.</strong></span> <span class='ocrx_word' id='word_1_160' title='bbox 1166 2103 1285 2145; x_wconf 89' lang='lat' dir='ltr'><strong>with</strong></span> <span class='ocrx_word' id='word_1_161' title='bbox 1303 2104 1475 2145; x_wconf 79' lang='lat' dir='ltr'><strong>redun-</strong></span> <span class='ocrx_word' id='word_1_162' title='bbox 1560 2101 1681 2145; x_wconf 87' lang='lat' dir='ltr'><strong>lines</strong></span> <span class='ocrx_word' id='word_1_163' title='bbox 1716 2113 1797 2144; x_wconf 89' lang='lat' dir='ltr'><strong>are</strong></span> <span class='ocrx_word' id='word_1_164' title='bbox 1832 2101 2026 2153; x_wconf 81' lang='lat' dir='ltr'><strong>worthy</strong></span> <span class='ocrx_word' id='word_1_165' title='bbox 2061 2102 2113 2144; x_wconf 82' lang='lat' dir='ltr'><strong>oi</strong></span> <span class='ocrx_word' id='word_1_166' title='bbox 2148 2101 2314 2154; x_wconf 81' lang='lat' dir='ltr'><strong>study.</strong></span> <span class='ocrx_word' id='word_1_167' title='bbox 2385 2101 2515 2146; x_wconf 89' lang='lat' dir='ltr'><strong>Note</strong></span> <span class='ocrx_word' id='word_1_168' title='bbox 2550 2102 2670 2146; x_wconf 83' lang='lat' dir='ltr'><strong>that</strong></span> 
     </span>
     <span class='ocr_line' id='line_1_19' title="bbox 372 2167 2665 2223; baseline -0.001 -7"><span class='ocrx_word' id='word_1_169' title='bbox 372 2174 514 2221; x_wconf 80' lang='lat' dir='ltr'><strong>daret,</strong></span> <span class='ocrx_word' id='word_1_170' title='bbox 537 2172 569 2216; x_wconf 92' lang='lat' dir='ltr'><strong>l.</strong></span> <span class='ocrx_word' id='word_1_171' title='bbox 594 2174 638 2216; x_wconf 88' lang='grc'><strong>9.</strong></span> <span class='ocrx_word' id='word_1_172' title='bbox 694 2171 854 2223; x_wconf 81' lang='lat' dir='ltr'><strong>quid:</strong></span> <span class='ocrx_word' id='word_1_173' title='bbox 889 2182 1096 2223; x_wconf 88' lang='lat' dir='ltr'><strong>governs</strong></span> <span class='ocrx_word' id='word_1_174' title='bbox 1117 2169 1202 2213; x_wconf 91' lang='lat' dir='ltr'><strong>the</strong></span> <span class='ocrx_word' id='word_1_175' title='bbox 1219 2174 1347 2221; x_wconf 90' lang='lat' dir='ltr'><strong>part.</strong></span> <span class='ocrx_word' id='word_1_176' title='bbox 1364 2180 1473 2220; x_wconf 90' lang='lat' dir='ltr'><strong>gen.</strong></span> <span class='ocrx_word' id='word_1_177' title='bbox 1561 2167 1702 2212; x_wconf 85' lang='lat' dir='ltr'><strong>while</strong></span> <span class='ocrx_word' id='word_1_178' title='bbox 1723 2167 1806 2220; x_wconf 77' lang='lat' dir='ltr'><strong>qui</strong></span> <span class='ocrx_word' id='word_1_179' title='bbox 1825 2169 1876 2211; x_wconf 91' lang='lat' dir='ltr'><strong>in</strong></span> <span class='ocrx_word' id='word_1_180' title='bbox 1896 2168 1994 2212; x_wconf 88' lang='lat' dir='ltr'><strong>line</strong></span> <span class='ocrx_word' id='word_1_181' title='bbox 2019 2171 2077 2211; x_wconf 99' lang='lat'><strong>12</strong></span> <span class='ocrx_word' id='word_1_182' title='bbox 2096 2168 2186 2212; x_wconf 90' lang='lat' dir='ltr'><strong>has</strong></span> <span class='ocrx_word' id='word_1_183' title='bbox 2207 2169 2293 2213; x_wconf 88' lang='lat' dir='ltr'><strong>the</strong></span> <span class='ocrx_word' id='word_1_184' title='bbox 2326 2168 2665 2221; x_wconf 83' lang='lat' dir='ltr'><strong>subjunctive.</strong></span> 
     </span>
     <span class='ocr_line' id='line_1_20' title="bbox 371 2235 2670 2290; baseline -0.001 -7"><span class='ocrx_word' id='word_1_185' title='bbox 371 2239 599 2290; x_wconf 79' lang='lat' dir='ltr'><strong>invidiae,</strong></span> <span class='ocrx_word' id='word_1_186' title='bbox 640 2238 673 2283; x_wconf 92' lang='lat' dir='ltr'><strong>l.</strong></span> <span class='ocrx_word' id='word_1_187' title='bbox 717 2240 761 2282; x_wconf 88' lang='grc'><strong>9.</strong></span> <span class='ocrx_word' id='word_1_188' title='bbox 846 2238 951 2282; x_wconf 79' lang='lat' dir='ltr'><strong>hoc</strong></span> <span class='ocrx_word' id='word_1_189' title='bbox 992 2237 1266 2288; x_wconf 79' lang='lat' dir='ltr'><strong>parricida</strong></span> <span class='ocrx_word' id='word_1_190' title='bbox 1303 2237 1477 2279; x_wconf 87' lang='lat' dir='ltr'><strong>inter·</strong></span> <span class='ocrx_word' id='word_1_191' title='bbox 1560 2236 1643 2286; x_wconf 81' lang='lat' dir='ltr'><strong>qui</strong></span> <span class='ocrx_word' id='word_1_192' title='bbox 1672 2236 1722 2278; x_wconf 86' lang='lat' dir='ltr'><strong>in</strong></span> <span class='ocrx_word' id='word_1_193' title='bbox 1750 2236 1848 2279; x_wconf 91' lang='lat' dir='ltr'><strong>line</strong></span> <span class='ocrx_word' id='word_1_194' title='bbox 1881 2238 1937 2279; x_wconf 87' lang='grc'><strong>13</strong></span> <span class='ocrx_word' id='word_1_195' title='bbox 1967 2235 2056 2279; x_wconf 87' lang='lat' dir='ltr'><strong>has</strong></span> <span class='ocrx_word' id='word_1_196' title='bbox 2086 2235 2171 2279; x_wconf 88' lang='lat' dir='ltr'><strong>the</strong></span> <span class='ocrx_word' id='word_1_197' title='bbox 2212 2235 2497 2281; x_wconf 76' lang='lat' dir='ltr'><strong>indicative.</strong></span> <span class='ocrx_word' id='word_1_198' title='bbox 2562 2236 2670 2280; x_wconf 87' lang='lat' dir='ltr'><strong>The</strong></span> 
     </span>
     <span class='ocr_line' id='line_1_21' title="bbox 371 2302 2669 2356; baseline -0.001 -7"><span class='ocrx_word' id='word_1_199' title='bbox 371 2305 654 2350; x_wconf 58' lang='lat' dir='ltr'><strong>actm-wi</strong></span> <span class='ocrx_word' id='word_1_200' title='bbox 702 2304 829 2348; x_wconf 80' lang='lat' dir='ltr'><strong>hunc</strong></span> <span class='ocrx_word' id='word_1_201' title='bbox 877 2304 1169 2356; x_wconf 81' lang='lat' dir='ltr'><strong>parricidam</strong></span> <span class='ocrx_word' id='word_1_202' title='bbox 1216 2303 1477 2354; x_wconf 70' lang='lat' dir='ltr'><strong>interfecis—</strong></span> <span class='ocrx_word' id='word_1_203' title='bbox 1561 2303 1741 2345; x_wconf 86' lang='lat' dir='ltr'><strong>former</strong></span> <span class='ocrx_word' id='word_1_204' title='bbox 1770 2313 2019 2354; x_wconf 83' lang='lat' dir='ltr'><strong>expresses</strong></span> <span class='ocrx_word' id='word_1_205' title='bbox 2050 2313 2081 2345; x_wconf 87' lang='lat' dir='ltr'><strong>a</strong></span> <span class='ocrx_word' id='word_1_206' title='bbox 2110 2302 2473 2346; x_wconf 78' lang='lat' dir='ltr'><strong>characteristic</strong></span> <span class='ocrx_word' id='word_1_207' title='bbox 2509 2303 2669 2352; x_wconf 86' lang='lat' dir='ltr'><strong>(what</strong></span> 
     </span>
     <span class='ocr_line' id='line_1_22' title="bbox 372 2368 2661 2423; baseline -0.001 -8"><span class='ocrx_word' id='word_1_208' title='bbox 372 2383 491 2422; x_wconf 80' lang='lat' dir='ltr'><strong>sem:</strong></span> <span class='ocrx_word' id='word_1_209' title='bbox 514 2373 590 2415; x_wconf 79' lang='lat' dir='ltr'><strong>ior</strong></span> <span class='ocrx_word' id='word_1_210' title='bbox 613 2372 857 2423; x_wconf 74' lang='lat' dir='ltr'><strong>pam-icida</strong></span> <span class='ocrx_word' id='word_1_211' title='bbox 880 2382 959 2414; x_wconf 87' lang='lat' dir='ltr'><strong>see</strong></span> <span class='ocrx_word' id='word_1_212' title='bbox 982 2382 1048 2414; x_wconf 92' lang='lat' dir='ltr'><strong>on</strong></span> <span class='ocrx_word' id='word_1_213' title='bbox 1072 2372 1121 2414; x_wconf 80' lang='grc'><strong>7.</strong></span> <span class='ocrx_word' id='word_1_214' title='bbox 1146 2372 1223 2415; x_wconf 89' lang='grc'><strong>23.</strong></span> <span class='ocrx_word' id='word_1_215' title='bbox 1561 2370 1601 2412; x_wconf 91' lang='lat' dir='ltr'><strong>is</strong></span> <span class='ocrx_word' id='word_1_216' title='bbox 1623 2370 1738 2419; x_wconf 81' lang='lat' dir='ltr'><strong>it?):</strong></span> <span class='ocrx_word' id='word_1_217' title='bbox 1761 2368 1848 2412; x_wconf 88' lang='lat' dir='ltr'><strong>the</strong></span> <span class='ocrx_word' id='word_1_218' title='bbox 1868 2368 2018 2412; x_wconf 88' lang='lat' dir='ltr'><strong>latter</strong></span> <span class='ocrx_word' id='word_1_219' title='bbox 2040 2370 2082 2412; x_wconf 88' lang='lat' dir='ltr'><strong>is</strong></span> <span class='ocrx_word' id='word_1_220' title='bbox 2104 2381 2135 2412; x_wconf 86' lang='lat' dir='ltr'><strong>a</strong></span> <span class='ocrx_word' id='word_1_221' title='bbox 2157 2380 2289 2412; x_wconf 88' lang='lat' dir='ltr'><strong>mere</strong></span> <span class='ocrx_word' id='word_1_222' title='bbox 2310 2370 2661 2413; x_wconf 85' lang='lat' dir='ltr'><strong>connective==</strong></span> 
     </span>
    </p>

    <p class='ocr_par' dir='ltr' id='par_1_5' title="bbox 373 2435 2672 2688">
     <span class='ocr_line' id='line_1_23' title="bbox 438 2435 2672 2490; baseline -0.002 -7"><span class='ocrx_word' id='word_1_223' title='bbox 438 2441 482 2483; x_wconf 88' lang='grc'><strong>9.</strong></span> <span class='ocrx_word' id='word_1_224' title='bbox 515 2438 878 2483; x_wconf 72' lang='lat' dir='ltr'><strong>redundaret:</strong></span> <span class='ocrx_word' id='word_1_225' title='bbox 940 2437 1201 2490; x_wconf 88' lang='lat' dir='ltr'><strong>metaphor</strong></span> <span class='ocrx_word' id='word_1_226' title='bbox 1230 2436 1358 2480; x_wconf 78' lang='lat' dir='ltr'><strong>from</strong></span> <span class='ocrx_word' id='word_1_227' title='bbox 1389 2436 1478 2480; x_wconf 88' lang='lat' dir='ltr'><strong>the</strong></span> <span class='ocrx_word' id='word_1_228' title='bbox 1560 2436 1602 2478; x_wconf 89' lang='lat' dir='ltr'><strong>ii</strong></span> <span class='ocrx_word' id='word_1_229' title='bbox 1646 2437 1817 2479; x_wconf 80' lang='lat' dir='ltr'><strong>autem.</strong></span> <span class='ocrx_word' id='word_1_230' title='bbox 1895 2436 2055 2486; x_wconf 86' lang='lat' dir='ltr'><strong>Again</strong></span> <span class='ocrx_word' id='word_1_231' title='bbox 2116 2445 2313 2488; x_wconf 71' lang='lat' dir='ltr'><strong>qumm</strong></span> <span class='ocrx_word' id='word_1_232' title='bbox 2380 2435 2501 2486; x_wconf 87' lang='lat'><strong>(15),</strong></span> <span class='ocrx_word' id='word_1_233' title='bbox 2562 2436 2672 2479; x_wconf 83' lang='lat' dir='ltr'><strong>still</strong></span> 
     </span>
     <span class='ocr_line' id='line_1_24' title="bbox 374 2501 2672 2556; baseline -0.001 -8"><span class='ocrx_word' id='word_1_234' title='bbox 374 2505 687 2556; x_wconf 83' lang='lat' dir='ltr'><strong>overfiowing</strong></span> <span class='ocrx_word' id='word_1_235' title='bbox 709 2506 761 2548; x_wconf 80' lang='lat' dir='ltr'><strong>of</strong></span> <span class='ocrx_word' id='word_1_236' title='bbox 783 2516 813 2547; x_wconf 86' lang='lat' dir='ltr'><strong>a</strong></span> <span class='ocrx_word' id='word_1_237' title='bbox 836 2508 1034 2554; x_wconf 86' lang='lat' dir='ltr'><strong>stream,</strong></span> <span class='ocrx_word' id='word_1_238' title='bbox 1062 2504 1196 2547; x_wconf 80' lang='lat' dir='ltr'><strong>‘that</strong></span> <span class='ocrx_word' id='word_1_239' title='bbox 1220 2515 1321 2556; x_wconf 82' lang='lat' dir='ltr'><strong>any</strong></span> <span class='ocrx_word' id='word_1_240' title='bbox 1343 2502 1477 2547; x_wconf 90' lang='lat' dir='ltr'><strong>flood</strong></span> <span class='ocrx_word' id='word_1_241' title='bbox 1561 2502 1866 2545; x_wconf 87' lang='lat' dir='ltr'><strong>co-ordinate</strong></span> <span class='ocrx_word' id='word_1_242' title='bbox 1904 2501 2026 2545; x_wconf 87' lang='lat' dir='ltr'><strong>with</strong></span> <span class='ocrx_word' id='word_1_243' title='bbox 2063 2503 2160 2554; x_wconf 77' lang='lat' dir='ltr'><strong>qui,</strong></span> <span class='ocrx_word' id='word_1_244' title='bbox 2195 2503 2237 2546; x_wconf 88' lang='lat' dir='ltr'><strong>is</strong></span> <span class='ocrx_word' id='word_1_245' title='bbox 2276 2501 2499 2546; x_wconf 79' lang='lat' dir='ltr'><strong>followed</strong></span> <span class='ocrx_word' id='word_1_246' title='bbox 2538 2502 2610 2555; x_wconf 81' lang='lat' dir='ltr'><strong>by</strong></span> <span class='ocrx_word' id='word_1_247' title='bbox 2636 2514 2672 2545; x_wconf 89' lang='lat' dir='ltr'><strong>a</strong></span> 
     </span>
     <span class='ocr_line' id='line_1_25' title="bbox 373 2569 2671 2624; baseline -0.001 -9"><span class='ocrx_word' id='word_1_248' title='bbox 373 2573 426 2616; x_wconf 81' lang='lat' dir='ltr'><strong>ot</strong></span> <span class='ocrx_word' id='word_1_249' title='bbox 467 2572 821 2624; x_wconf 81' lang='lat' dir='ltr'><strong>unpopularitv</strong></span> <span class='ocrx_word' id='word_1_250' title='bbox 861 2570 1024 2614; x_wconf 87' lang='lat' dir='ltr'><strong>would</strong></span> <span class='ocrx_word' id='word_1_251' title='bbox 1065 2570 1143 2613; x_wconf 80' lang='lat' dir='ltr'><strong>ior</strong></span> <span class='ocrx_word' id='word_1_252' title='bbox 1182 2571 1269 2614; x_wconf 89' lang='lat' dir='ltr'><strong>the</strong></span> <span class='ocrx_word' id='word_1_253' title='bbox 1309 2572 1477 2613; x_wconf 77' lang='lat' dir='ltr'><strong>future</strong></span> <span class='ocrx_word' id='word_1_254' title='bbox 1562 2569 1802 2621; x_wconf 87' lang='lat' dir='ltr'><strong>potential</strong></span> <span class='ocrx_word' id='word_1_255' title='bbox 1852 2569 2172 2619; x_wconf 82' lang='lat' dir='ltr'><strong>subjunctive</strong></span> <span class='ocrx_word' id='word_1_256' title='bbox 2227 2570 2280 2613; x_wconf 85' lang='lat' dir='ltr'><strong>in</strong></span> <span class='ocrx_word' id='word_1_257' title='bbox 2337 2569 2570 2621; x_wconf 77' lang='lat' dir='ltr'><strong>apodosis</strong></span> <span class='ocrx_word' id='word_1_258' title='bbox 2612 2572 2671 2612; x_wconf 88' lang='lat' dir='ltr'><strong>to</strong></span> 
     </span>
     <span class='ocr_line' id='line_1_26' title="bbox 374 2634 2671 2688; baseline -0.001 -7"><span class='ocrx_word' id='word_1_259' title='bbox 374 2638 668 2682; x_wconf 88' lang='lat' dir='ltr'><strong>overwhelm</strong></span> <span class='ocrx_word' id='word_1_260' title='bbox 703 2637 816 2681; x_wconf 87' lang='lat' dir='ltr'><strong>me.&#39;</strong></span> <span class='ocrx_word' id='word_1_261' title='bbox 887 2636 1114 2688; x_wconf 70' lang='lat' dir='ltr'><strong>Quodsi:</strong></span> <span class='ocrx_word' id='word_1_262' title='bbox 1182 2637 1236 2680; x_wconf 85' lang='lat' dir='ltr'><strong>in</strong></span> <span class='ocrx_word' id='word_1_263' title='bbox 1271 2647 1478 2679; x_wconf 90' lang='lat' dir='ltr'><strong>connec-</strong></span> <span class='ocrx_word' id='word_1_264' title='bbox 1561 2635 1606 2678; x_wconf 80' lang='lat' dir='ltr'><strong>si</strong></span> <span class='ocrx_word' id='word_1_265' title='bbox 1641 2668 1654 2680; x_wconf 95' lang='lat'><strong>.</strong></span> <span class='ocrx_word' id='word_1_266' title='bbox 1692 2668 1705 2680; x_wconf 92' lang='lat'><strong>.</strong></span> <span class='ocrx_word' id='word_1_267' title='bbox 1744 2668 1757 2680; x_wconf 96' lang='lat'><strong>.</strong></span> <span class='ocrx_word' id='word_1_268' title='bbox 1794 2636 2215 2680; x_wconf 68' lang='lat' dir='ltr'><strong>animadvertisset.</strong></span> <span class='ocrx_word' id='word_1_269' title='bbox 2286 2634 2362 2678; x_wconf 89' lang='lat' dir='ltr'><strong>On</strong></span> <span class='ocrx_word' id='word_1_270' title='bbox 2398 2635 2485 2679; x_wconf 89' lang='lat' dir='ltr'><strong>the</strong></span> <span class='ocrx_word' id='word_1_271' title='bbox 2518 2636 2671 2680; x_wconf 88' lang='lat' dir='ltr'><strong>other</strong></span> 
     </span>
    </p>
   </div>
   <div class='ocr_carea' id='block_1_5' title="bbox 374 2702 2675 2883">
    <p class='ocr_par' dir='ltr' id='par_1_6' title="bbox 374 2702 2675 2883">
     <span class='ocr_line' id='line_1_27' title="bbox 375 2702 2673 2753; baseline -0.002 -4"><span class='ocrx_word' id='word_1_272' title='bbox 375 2705 480 2749; x_wconf 88' lang='lat' dir='ltr'><strong>tion</strong></span> <span class='ocrx_word' id='word_1_273' title='bbox 519 2705 640 2748; x_wconf 91' lang='lat' dir='ltr'><strong>with</strong></span> <span class='ocrx_word' id='word_1_274' title='bbox 678 2704 724 2747; x_wconf 72' lang='grc' dir='ltr'><strong>εἰ</strong></span> <span class='ocrx_word' id='word_1_275' title='bbox 761 2704 847 2748; x_wconf 91' lang='lat' dir='ltr'><strong>the</strong></span> <span class='ocrx_word' id='word_1_276' title='bbox 886 2703 1139 2747; x_wconf 89' lang='lat' dir='ltr'><strong>adverbial</strong></span> <span class='ocrx_word' id='word_1_277' title='bbox 1195 2704 1478 2747; x_wconf 82' lang='lat' dir='ltr'><strong>accusative</strong></span> <span class='ocrx_word' id='word_1_278' title='bbox 1562 2702 1695 2746; x_wconf 85' lang='lat' dir='ltr'><strong>hand</strong></span> <span class='ocrx_word' id='word_1_279' title='bbox 1724 2703 1810 2746; x_wconf 90' lang='lat' dir='ltr'><strong>the</strong></span> <span class='ocrx_word' id='word_1_280' title='bbox 1838 2702 2158 2745; x_wconf 81' lang='lat' dir='ltr'><strong>subordinate</strong></span> <span class='ocrx_word' id='word_1_281' title='bbox 2186 2703 2374 2746; x_wconf 82' lang='lat' dir='ltr'><strong>clauses</strong></span> <span class='ocrx_word' id='word_1_282' title='bbox 2414 2712 2532 2753; x_wconf 76' lang='lat' dir='ltr'><strong>quae</strong></span> <span class='ocrx_word' id='word_1_283' title='bbox 2575 2704 2673 2745; x_wconf 80' lang='lat' dir='ltr'><strong>im·-</strong></span> 
     </span>
     <span class='ocr_line' id='line_1_28' title="bbox 374 2768 2672 2823; baseline -0.001 -9"><span class='ocrx_word' id='word_1_284' title='bbox 374 2772 497 2823; x_wconf 80' lang='lat' dir='ltr'><strong>quod</strong></span> <span class='ocrx_word' id='word_1_285' title='bbox 549 2771 641 2815; x_wconf 85' lang='lat' dir='ltr'><strong>has</strong></span> <span class='ocrx_word' id='word_1_286' title='bbox 694 2770 895 2814; x_wconf 89' lang='lat' dir='ltr'><strong>become</strong></span> <span class='ocrx_word' id='word_1_287' title='bbox 933 2782 964 2814; x_wconf 83' lang='lat' dir='ltr'><strong>a</strong></span> <span class='ocrx_word' id='word_1_288' title='bbox 1001 2781 1134 2813; x_wconf 90' lang='lat' dir='ltr'><strong>mere</strong></span> <span class='ocrx_word' id='word_1_289' title='bbox 1187 2771 1478 2813; x_wconf 89' lang='lat' dir='ltr'><strong>connective</strong></span> <span class='ocrx_word' id='word_1_290' title='bbox 1562 2771 1741 2812; x_wconf 82' lang='lat' dir='ltr'><strong>minent</strong></span> <span class='ocrx_word' id='word_1_291' title='bbox 1776 2802 1789 2813; x_wconf 95' lang='lat'><strong>.</strong></span> <span class='ocrx_word' id='word_1_292' title='bbox 1827 2801 1839 2814; x_wconf 86' lang='lat'><em>.</em></span> <span class='ocrx_word' id='word_1_293' title='bbox 1877 2801 1890 2813; x_wconf 92' lang='lat'><strong>.</strong></span> <span class='ocrx_word' id='word_1_294' title='bbox 1926 2770 2096 2818; x_wconf 73' lang='lat' dir='ltr'><strong>vidmt,</strong></span> <span class='ocrx_word' id='word_1_295' title='bbox 2135 2768 2331 2820; x_wconf 76' lang='lat' dir='ltr'><strong>dealing</strong></span> <span class='ocrx_word' id='word_1_296' title='bbox 2362 2768 2485 2812; x_wconf 86' lang='lat' dir='ltr'><strong>with</strong></span> <span class='ocrx_word' id='word_1_297' title='bbox 2518 2769 2672 2819; x_wconf 76' lang='lat' dir='ltr'><strong>facts.</strong></span> 
     </span>
     <span class='ocr_line' id='line_1_29' title="bbox 378 2835 2675 2883; baseline -0.001 -2"><span class='ocrx_word' id='word_1_298' title='bbox 378 2837 525 2883; x_wconf 84' lang='lat' dir='ltr'><strong>‘but.&#39;</strong></span> <span class='ocrx_word' id='word_1_299' title='bbox 1563 2836 1689 2879; x_wconf 89' lang='lat' dir='ltr'><strong>have</strong></span> <span class='ocrx_word' id='word_1_300' title='bbox 1720 2836 2003 2879; x_wconf 87' lang='lat' dir='ltr'><strong>indicative.</strong></span> <span class='ocrx_word' id='word_1_301' title='bbox 2070 2835 2453 2879; x_wconf 65' lang='lat' dir='ltr'><strong>dissimulent:</strong></span> <span class='ocrx_word' id='word_1_302' title='bbox 2516 2845 2586 2878; x_wconf 89' lang='lat' dir='ltr'><strong>sc.</strong></span> <span class='ocrx_word' id='word_1_303' title='bbox 2620 2847 2675 2879; x_wconf 71' lang='lat' dir='ltr'><strong>se</strong></span> 
     </span>
    </p>
   </div>
   <div class='ocr_carea' id='block_1_6' title="bbox 373 2901 2680 3955">
    <p class='ocr_par' dir='ltr' id='par_1_7' title="bbox 374 2901 2676 3087">
     <span class='ocr_line' id='line_1_30' title="bbox 441 2901 2676 2954; baseline -0.001 -6"><span class='ocrx_word' id='word_1_304' title='bbox 441 2907 515 2948; x_wconf 87' lang='lat'><strong>10.</strong></span> <span class='ocrx_word' id='word_1_305' title='bbox 550 2913 636 2949; x_wconf 84' lang='lat' dir='ltr'><strong>ea:</strong></span> <span class='ocrx_word' id='word_1_306' title='bbox 679 2915 744 2949; x_wconf 88' lang='lat' dir='ltr'><strong>sc.</strong></span> <span class='ocrx_word' id='word_1_307' title='bbox 766 2904 970 2949; x_wconf 80' lang='lat' dir='ltr'><strong>invidia.</strong></span> <span class='ocrx_word' id='word_1_308' title='bbox 1026 2904 1296 2948; x_wconf 75' lang='lat' dir='ltr'><strong>maxime:</strong></span> <span class='ocrx_word' id='word_1_309' title='bbox 1341 2903 1478 2946; x_wconf 84' lang='lat' dir='ltr'><strong>‘ever</strong></span> <span class='ocrx_word' id='word_1_310' title='bbox 1563 2904 1730 2946; x_wconf 56' lang='lat' dir='ltr'><strong>videre</strong></span> <span class='ocrx_word' id='word_1_311' title='bbox 1798 2901 2066 2953; x_wconf 84' lang='lat' dir='ltr'><strong>improbi:</strong></span> <span class='ocrx_word' id='word_1_312' title='bbox 2136 2901 2456 2954; x_wconf 84' lang='lat' dir='ltr'><strong>corresponds</strong></span> <span class='ocrx_word' id='word_1_313' title='bbox 2492 2905 2547 2945; x_wconf 89' lang='lat' dir='ltr'><strong>to</strong></span> <span class='ocrx_word' id='word_1_314' title='bbox 2585 2903 2676 2953; x_wconf 77' lang='lat' dir='ltr'><strong>qui</strong></span> 
     </span>
     <span class='ocr_line' id='line_1_31' title="bbox 378 2968 2675 3030; baseline -0.001 -16"><span class='ocrx_word' id='word_1_315' title='bbox 378 2971 628 3021; x_wconf 84' lang='lat' dir='ltr'><strong>somuch,’</strong></span> <span class='ocrx_word' id='word_1_316' title='bbox 654 2971 923 3014; x_wconf 82' lang='lat' dir='ltr'><strong>intensifles</strong></span> <span class='ocrx_word' id='word_1_317' title='bbox 937 2970 1021 3014; x_wconf 90' lang='lat' dir='ltr'><strong>the</strong></span> <span class='ocrx_word' id='word_1_318' title='bbox 1035 2971 1096 3015; x_wconf 67' lang='lat' dir='ltr'><strong>ei.</strong></span> <span class='ocrx_word' id='word_1_319' title='bbox 1122 2970 1477 3030; x_wconf 74' lang='lat' dir='ltr'><strong>inpenderet:</strong></span> <span class='ocrx_word' id='word_1_320' title='bbox 1561 2970 1859 3013; x_wconf 72' lang='lat' dir='ltr'><strong>dissimulent</strong></span> <span class='ocrx_word' id='word_1_321' title='bbox 1882 2969 2062 3019; x_wconf 76' lang='lat' dir='ltr'><strong>above:</strong></span> <span class='ocrx_word' id='word_1_322' title='bbox 2082 2968 2338 3021; x_wconf 76' lang='lat' dir='ltr'><strong>inperiti:</strong></span> <span class='ocrx_word' id='word_1_323' title='bbox 2384 2972 2437 3011; x_wconf 86' lang='lat' dir='ltr'><strong>to</strong></span> <span class='ocrx_word' id='word_1_324' title='bbox 2461 2969 2546 3020; x_wconf 77' lang='lat' dir='ltr'><strong>qui</strong></span> <span class='ocrx_word' id='word_1_325' title='bbox 2570 2979 2675 3011; x_wconf 80' lang='lat' dir='ltr'><strong>non</strong></span> 
     </span>
     <span class='ocr_line' id='line_1_32' title="bbox 374 3036 1764 3087; baseline 0 -7"><span class='ocrx_word' id='word_1_326' title='bbox 374 3037 675 3081; x_wconf 82' lang='lat' dir='ltr'><strong>conditional</strong></span> <span class='ocrx_word' id='word_1_327' title='bbox 698 3039 750 3080; x_wconf 87' lang='lat' dir='ltr'><strong>in</strong></span> <span class='ocrx_word' id='word_1_328' title='bbox 773 3039 914 3087; x_wconf 83' lang='lat' dir='ltr'><strong>form,</strong></span> <span class='ocrx_word' id='word_1_329' title='bbox 940 3037 1032 3080; x_wconf 90' lang='lat' dir='ltr'><strong>but</strong></span> <span class='ocrx_word' id='word_1_330' title='bbox 1055 3037 1177 3080; x_wconf 89' lang='lat' dir='ltr'><strong>with</strong></span> <span class='ocrx_word' id='word_1_331' title='bbox 1199 3038 1478 3080; x_wconf 86' lang='lat' dir='ltr'><strong>concessive</strong></span> <span class='ocrx_word' id='word_1_332' title='bbox 1562 3036 1764 3080; x_wconf 78' lang='lat' dir='ltr'><strong>videant.</strong></span> 
     </span>
    </p>

    <p class='ocr_par' dir='ltr' id='par_1_8' title="bbox 373 3102 2675 3287">
     <span class='ocr_line' id='line_1_33' title="bbox 381 3102 2675 3155; baseline -0 -8"><span class='ocrx_word' id='word_1_333' title='bbox 381 3105 455 3153; x_wconf 92' lang='lat' dir='ltr'><strong>(or</strong></span> <span class='ocrx_word' id='word_1_334' title='bbox 475 3104 807 3154; x_wconf 82' lang='lat' dir='ltr'><strong>adversative)</strong></span> <span class='ocrx_word' id='word_1_335' title='bbox 829 3106 1122 3155; x_wconf 85' lang='lat' dir='ltr'><strong>suggestion,</strong></span> <span class='ocrx_word' id='word_1_336' title='bbox 1146 3114 1200 3146; x_wconf 87' lang='lat' dir='ltr'><strong>as</strong></span> <span class='ocrx_word' id='word_1_337' title='bbox 1220 3103 1388 3146; x_wconf 90' lang='lat' dir='ltr'><strong>shown</strong></span> <span class='ocrx_word' id='word_1_338' title='bbox 1409 3103 1477 3154; x_wconf 79' lang='lat' dir='ltr'><strong>by</strong></span> <span class='ocrx_word' id='word_1_339' title='bbox 1629 3105 1701 3147; x_wconf 90' lang='lat'><strong>18.</strong></span> <span class='ocrx_word' id='word_1_340' title='bbox 1738 3102 1921 3147; x_wconf 79' lang='lat' dir='ltr'><strong>Nune:</strong></span> <span class='ocrx_word' id='word_1_341' title='bbox 1978 3114 2058 3146; x_wconf 91' lang='lat' dir='ltr'><strong>see</strong></span> <span class='ocrx_word' id='word_1_342' title='bbox 2086 3114 2151 3146; x_wconf 93' lang='lat' dir='ltr'><strong>on</strong></span> <span class='ocrx_word' id='word_1_343' title='bbox 2182 3103 2231 3146; x_wconf 83' lang='grc'><strong>7.</strong></span> <span class='ocrx_word' id='word_1_344' title='bbox 2261 3104 2338 3146; x_wconf 89' lang='grc'><strong>21.</strong></span> <span class='ocrx_word' id='word_1_345' title='bbox 2397 3102 2529 3146; x_wconf 72' lang='lat' dir='ltr'><strong>iste:</strong></span> <span class='ocrx_word' id='word_1_346' title='bbox 2588 3113 2675 3145; x_wconf 88' lang='lat' dir='ltr'><strong>see</strong></span> 
     </span>
     <span class='ocr_line' id='line_1_34' title="bbox 373 3169 2667 3223; baseline -0 -9"><span class='ocrx_word' id='word_1_347' title='bbox 373 3172 532 3214; x_wconf 77' lang='lat' dir='ltr'><strong>tamen</strong></span> <span class='ocrx_word' id='word_1_348' title='bbox 570 3171 830 3223; x_wconf 83' lang='lat' dir='ltr'><strong>following.</strong></span> <span class='ocrx_word' id='word_1_349' title='bbox 904 3170 1010 3214; x_wconf 77' lang='lat' dir='ltr'><strong>hoo</strong></span> <span class='ocrx_word' id='word_1_350' title='bbox 1048 3171 1265 3213; x_wconf 79' lang='lat' dir='ltr'><strong>animo:</strong></span> <span class='ocrx_word' id='word_1_351' title='bbox 1341 3170 1476 3212; x_wconf 88' lang='lat' dir='ltr'><strong>what</strong></span> <span class='ocrx_word' id='word_1_352' title='bbox 1562 3181 1627 3212; x_wconf 92' lang='lat' dir='ltr'><strong>on</strong></span> <span class='ocrx_word' id='word_1_353' title='bbox 1670 3172 1718 3213; x_wconf 91' lang='lat'><strong>1.</strong></span> <span class='ocrx_word' id='word_1_354' title='bbox 1766 3172 1837 3213; x_wconf 89' lang='lat'><strong>15.</strong></span> <span class='ocrx_word' id='word_1_355' title='bbox 1914 3169 2169 3220; x_wconf 72' lang='lat' dir='ltr'><strong>qum-in</strong></span> <span class='ocrx_word' id='word_1_356' title='bbox 2211 3180 2331 3221; x_wconf 76' lang='lat' dir='ltr'><strong>quae</strong></span> <span class='ocrx_word' id='word_1_357' title='bbox 2376 3169 2458 3218; x_wconf 84' lang='lat' dir='ltr'><strong>(ci.</strong></span> <span class='ocrx_word' id='word_1_358' title='bbox 2502 3171 2552 3213; x_wconf 69' lang='grc' dir='ltr'><strong>ὅ.</strong></span> <span class='ocrx_word' id='word_1_359' title='bbox 2600 3169 2667 3218; x_wconf 90' lang='grc'><strong>1).</strong></span> 
     </span>
     <span class='ocr_line' id='line_1_35' title="bbox 376 3235 2227 3287; baseline -0.001 -7"><span class='ocrx_word' id='word_1_360' title='bbox 376 3248 462 3280; x_wconf 88' lang='lat' dir='ltr'><strong>use</strong></span> <span class='ocrx_word' id='word_1_361' title='bbox 493 3239 544 3281; x_wconf 83' lang='lat' dir='ltr'><strong>of</strong></span> <span class='ocrx_word' id='word_1_362' title='bbox 574 3240 712 3280; x_wconf 81' lang='lat' dir='ltr'><strong>case?</strong></span> <span class='ocrx_word' id='word_1_363' title='bbox 749 3238 828 3286; x_wconf 80' lang='lat' dir='ltr'><strong>(cf.</strong></span> <span class='ocrx_word' id='word_1_364' title='bbox 862 3238 912 3281; x_wconf 75' lang='lat'><strong>2.</strong></span> <span class='ocrx_word' id='word_1_365' title='bbox 947 3238 1014 3287; x_wconf 87' lang='lat'><strong>4).</strong></span> <span class='ocrx_word' id='word_1_366' title='bbox 1078 3236 1189 3280; x_wconf 72' lang='lat' dir='ltr'><strong>tui:</strong></span> <span class='ocrx_word' id='word_1_367' title='bbox 1252 3236 1405 3279; x_wconf 91' lang='lat' dir='ltr'><strong>There</strong></span> <span class='ocrx_word' id='word_1_368' title='bbox 1436 3237 1478 3278; x_wconf 89' lang='lat' dir='ltr'><strong>is</strong></span> <span class='ocrx_word' id='word_1_369' title='bbox 1564 3237 1711 3280; x_wconf 85' lang='lat' dir='ltr'><strong>What</strong></span> <span class='ocrx_word' id='word_1_370' title='bbox 1741 3236 1782 3279; x_wconf 85' lang='lat' dir='ltr'><strong>is</strong></span> <span class='ocrx_word' id='word_1_371' title='bbox 1810 3237 1875 3279; x_wconf 87' lang='lat' dir='ltr'><strong>its</strong></span> <span class='ocrx_word' id='word_1_372' title='bbox 1903 3235 2227 3280; x_wconf 80' lang='lat' dir='ltr'><strong>antecedent?</strong></span> 
     </span>
    </p>

    <p class='ocr_par' dir='ltr' id='par_1_9' title="bbox 373 3301 2678 3621">
     <span class='ocr_line' id='line_1_36' title="bbox 375 3301 2674 3356; baseline 0 -10"><span class='ocrx_word' id='word_1_373' title='bbox 375 3303 528 3356; x_wconf 84' lang='lat' dir='ltr'><strong>really</strong></span> <span class='ocrx_word' id='word_1_374' title='bbox 553 3316 583 3347; x_wconf 91' lang='lat' dir='ltr'><strong>a</strong></span> <span class='ocrx_word' id='word_1_375' title='bbox 607 3304 752 3354; x_wconf 87' lang='lat' dir='ltr'><strong>slight</strong></span> <span class='ocrx_word' id='word_1_376' title='bbox 779 3304 976 3355; x_wconf 89' lang='lat' dir='ltr'><strong>ellipsis:</strong></span> <span class='ocrx_word' id='word_1_377' title='bbox 1027 3305 1184 3347; x_wconf 81' lang='lat' dir='ltr'><strong>tamen</strong></span> <span class='ocrx_word' id='word_1_378' title='bbox 1206 3302 1291 3346; x_wconf 80' lang='lat' dir='ltr'><strong>hoc</strong></span> <span class='ocrx_word' id='word_1_379' title='bbox 1314 3303 1478 3345; x_wconf 82' lang='lat' dir='ltr'><strong>animo</strong></span> <span class='ocrx_word' id='word_1_380' title='bbox 1630 3305 1701 3346; x_wconf 87' lang='lat'><strong>19.</strong></span> <span class='ocrx_word' id='word_1_381' title='bbox 1737 3303 1835 3354; x_wconf 82' lang='lat' dir='ltr'><strong>qui</strong></span> <span class='ocrx_word' id='word_1_382' title='bbox 1871 3332 1886 3346; x_wconf 88' lang='lat'><strong>.</strong></span> <span class='ocrx_word' id='word_1_383' title='bbox 1922 3332 1936 3346; x_wconf 90' lang='lat'><strong>.</strong></span> <span class='ocrx_word' id='word_1_384' title='bbox 1972 3332 1986 3346; x_wconf 92' lang='lat'><strong>.</strong></span> <span class='ocrx_word' id='word_1_385' title='bbox 2018 3303 2209 3347; x_wconf 74' lang='lat' dir='ltr'><strong>videat</strong></span> <span class='ocrx_word' id='word_1_386' title='bbox 2245 3332 2259 3346; x_wconf 90' lang='lat'><strong>.</strong></span> <span class='ocrx_word' id='word_1_387' title='bbox 2295 3332 2310 3346; x_wconf 89' lang='lat'><strong>.</strong></span> <span class='ocrx_word' id='word_1_388' title='bbox 2346 3332 2360 3346; x_wconf 88' lang='lat'><strong>.</strong></span> <span class='ocrx_word' id='word_1_389' title='bbox 2391 3301 2674 3346; x_wconf 71' lang='lat' dir='ltr'><strong>fateatur:</strong></span> 
     </span>
     <span class='ocr_line' id='line_1_37' title="bbox 376 3368 2675 3422; baseline -0.001 -9"><span class='ocrx_word' id='word_1_390' title='bbox 376 3370 538 3421; x_wconf 76' lang='lat' dir='ltr'><strong>[essem</strong></span> <span class='ocrx_word' id='word_1_391' title='bbox 564 3370 714 3422; x_wconf 74' lang='lat' dir='ltr'><strong>atque]</strong></span> <span class='ocrx_word' id='word_1_392' title='bbox 739 3381 920 3422; x_wconf 76' lang='lat' dir='ltr'><strong>semper</strong></span> <span class='ocrx_word' id='word_1_393' title='bbox 944 3369 1034 3421; x_wconf 74' lang='lat' dir='ltr'><strong>fui,</strong></span> <span class='ocrx_word' id='word_1_394' title='bbox 1059 3372 1124 3420; x_wconf 84' lang='lat' dir='ltr'><strong>ut,</strong></span> <span class='ocrx_word' id='word_1_395' title='bbox 1146 3372 1239 3413; x_wconf 89' lang='lat' dir='ltr'><strong>etc.</strong></span> <span class='ocrx_word' id='word_1_396' title='bbox 1299 3371 1367 3412; x_wconf 89' lang='lat' dir='ltr'><strong>As</strong></span> <span class='ocrx_word' id='word_1_397' title='bbox 1393 3370 1479 3412; x_wconf 87' lang='lat' dir='ltr'><strong>the</strong></span> <span class='ocrx_word' id='word_1_398' title='bbox 1564 3370 1730 3419; x_wconf 86' lang='lat' dir='ltr'><strong>result,</strong></span> <span class='ocrx_word' id='word_1_399' title='bbox 1777 3381 1831 3413; x_wconf 91' lang='lat' dir='ltr'><strong>as</strong></span> <span class='ocrx_word' id='word_1_400' title='bbox 1875 3371 1926 3412; x_wconf 94' lang='lat' dir='ltr'><strong>in</strong></span> <span class='ocrx_word' id='word_1_401' title='bbox 1969 3371 2018 3413; x_wconf 78' lang='lat'><strong>2.</strong></span> <span class='ocrx_word' id='word_1_402' title='bbox 2065 3371 2140 3414; x_wconf 90' lang='grc'><strong>27.</strong></span> <span class='ocrx_word' id='word_1_403' title='bbox 2220 3369 2349 3413; x_wconf 89' lang='lat' dir='ltr'><strong>Here</strong></span> <span class='ocrx_word' id='word_1_404' title='bbox 2392 3370 2537 3419; x_wconf 85' lang='lat' dir='ltr'><strong>again</strong></span> <span class='ocrx_word' id='word_1_405' title='bbox 2584 3368 2675 3411; x_wconf 85' lang='lat' dir='ltr'><strong>the</strong></span> 
     </span>
     <span class='ocr_line' id='line_1_38' title="bbox 373 3435 2678 3490; baseline -0.001 -10"><span class='ocrx_word' id='word_1_406' title='bbox 373 3437 643 3480; x_wconf 84' lang='lat' dir='ltr'><strong>indicative</strong></span> <span class='ocrx_word' id='word_1_407' title='bbox 665 3437 827 3481; x_wconf 89' lang='lat' dir='ltr'><strong>clause</strong></span> <span class='ocrx_word' id='word_1_408' title='bbox 851 3448 1100 3490; x_wconf 83' lang='lat' dir='ltr'><strong>expresses</strong></span> <span class='ocrx_word' id='word_1_409' title='bbox 1123 3448 1154 3480; x_wconf 90' lang='lat' dir='ltr'><strong>a</strong></span> <span class='ocrx_word' id='word_1_410' title='bbox 1175 3437 1277 3479; x_wconf 79' lang='lat' dir='ltr'><strong>fact</strong></span> <span class='ocrx_word' id='word_1_411' title='bbox 1302 3436 1413 3479; x_wconf 88' lang='lat' dir='ltr'><strong>that</strong></span> <span class='ocrx_word' id='word_1_412' title='bbox 1437 3437 1479 3478; x_wconf 88' lang='lat' dir='ltr'><strong>is</strong></span> <span class='ocrx_word' id='word_1_413' title='bbox 1564 3436 1834 3486; x_wconf 86' lang='lat' dir='ltr'><strong>adjectives</strong></span> <span class='ocrx_word' id='word_1_414' title='bbox 1864 3435 2173 3488; x_wconf 88' lang='lat' dir='ltr'><strong>correspond.</strong></span> <span class='ocrx_word' id='word_1_415' title='bbox 2207 3436 2341 3479; x_wconf 74' lang='lat' dir='ltr'><strong>stulti</strong></span> <span class='ocrx_word' id='word_1_416' title='bbox 2369 3439 2423 3479; x_wconf 90' lang='lat' dir='ltr'><strong>to</strong></span> <span class='ocrx_word' id='word_1_417' title='bbox 2453 3435 2678 3486; x_wconf 76' lang='lat' dir='ltr'><strong>imperiti</strong></span> 
     </span>
     <span class='ocr_line' id='line_1_39' title="bbox 377 3501 2675 3556; baseline -0.001 -11"><span class='ocrx_word' id='word_1_418' title='bbox 377 3506 489 3546; x_wconf 89' lang='lat' dir='ltr'><strong>true</strong></span> <span class='ocrx_word' id='word_1_419' title='bbox 513 3503 897 3556; x_wconf 83' lang='lat' dir='ltr'><strong>independently</strong></span> <span class='ocrx_word' id='word_1_420' title='bbox 924 3505 976 3547; x_wconf 81' lang='lat' dir='ltr'><strong>ot</strong></span> <span class='ocrx_word' id='word_1_421' title='bbox 1003 3504 1088 3547; x_wconf 85' lang='lat' dir='ltr'><strong>the</strong></span> <span class='ocrx_word' id='word_1_422' title='bbox 1113 3504 1408 3553; x_wconf 85' lang='lat' dir='ltr'><strong>concession,</strong></span> <span class='ocrx_word' id='word_1_423' title='bbox 1436 3504 1478 3546; x_wconf 87' lang='lat' dir='ltr'><strong>it</strong></span> <span class='ocrx_word' id='word_1_424' title='bbox 1571 3505 1672 3553; x_wconf 87' lang='lat'>(16)</span> <span class='ocrx_word' id='word_1_425' title='bbox 1698 3503 1797 3546; x_wconf 89' lang='lat' dir='ltr'><strong>and</strong></span> <span class='ocrx_word' id='word_1_426' title='bbox 1820 3504 2088 3555; x_wconf 82' lang='lat' dir='ltr'><strong>improbum</strong></span> <span class='ocrx_word' id='word_1_427' title='bbox 2112 3507 2166 3546; x_wconf 90' lang='lat' dir='ltr'><strong>to</strong></span> <span class='ocrx_word' id='word_1_428' title='bbox 2190 3502 2277 3546; x_wconf 88' lang='lat' dir='ltr'><strong>the</strong></span> <span class='ocrx_word' id='word_1_429' title='bbox 2300 3512 2434 3545; x_wconf 88' lang='lat' dir='ltr'><strong>same</strong></span> <span class='ocrx_word' id='word_1_430' title='bbox 2456 3501 2593 3545; x_wconf 89' lang='lat' dir='ltr'><strong>word</strong></span> <span class='ocrx_word' id='word_1_431' title='bbox 2617 3502 2675 3544; x_wconf 86' lang='lat' dir='ltr'><strong>in</strong></span> 
     </span>
     <span class='ocr_line' id='line_1_40' title="bbox 378 3569 2115 3621; baseline 0.002 -10"><span class='ocrx_word' id='word_1_432' title='bbox 378 3569 521 3612; x_wconf 91' lang='lat' dir='ltr'><strong>alone</strong></span> <span class='ocrx_word' id='word_1_433' title='bbox 546 3571 587 3612; x_wconf 89' lang='lat' dir='ltr'><strong>is</strong></span> <span class='ocrx_word' id='word_1_434' title='bbox 613 3571 848 3614; x_wconf 88' lang='lat' dir='ltr'><strong>retained.</strong></span> <span class='ocrx_word' id='word_1_435' title='bbox 1564 3570 1595 3613; x_wconf 95' lang='lat' dir='ltr'><strong>l.</strong></span> <span class='ocrx_word' id='word_1_436' title='bbox 1629 3572 1685 3614; x_wconf 84' lang='lat'><strong>16</strong></span> <span class='ocrx_word' id='word_1_437' title='bbox 1717 3572 1815 3619; x_wconf 91' lang='lat' dir='ltr'><strong>(see</strong></span> <span class='ocrx_word' id='word_1_438' title='bbox 1840 3581 1905 3613; x_wconf 92' lang='lat' dir='ltr'><strong>on</strong></span> <span class='ocrx_word' id='word_1_439' title='bbox 1935 3571 2115 3621; x_wconf 85' lang='lat'><strong>12-17).</strong></span> 
     </span>
    </p>

    <p class='ocr_par' dir='ltr' id='par_1_10' title="bbox 447 3634 2675 3692">
     <span class='ocr_line' id='line_1_41' title="bbox 447 3634 2675 3692; baseline 0 -13"><span class='ocrx_word' id='word_1_440' title='bbox 447 3638 519 3680; x_wconf 89' lang='lat'><strong>11.</strong></span> <span class='ocrx_word' id='word_1_441' title='bbox 539 3637 764 3687; x_wconf 84' lang='lat' dir='ltr'><strong>partam</strong></span> <span class='ocrx_word' id='word_1_442' title='bbox 786 3638 985 3689; x_wconf 81' lang='lat' dir='ltr'><strong>(pario):</strong></span> <span class='ocrx_word' id='word_1_443' title='bbox 1007 3637 1478 3687; x_wconf 83' lang='lat' dir='ltr'><strong>‘acquired,’·won.’</strong></span> <span class='ocrx_word' id='word_1_444' title='bbox 1627 3639 1703 3680; x_wconf 88' lang='grc'><strong>20.</strong></span> <span class='ocrx_word' id='word_1_445' title='bbox 1740 3637 1845 3680; x_wconf 84' lang='lat' dir='ltr'><strong>hoc</strong></span> <span class='ocrx_word' id='word_1_446' title='bbox 1883 3666 1897 3680; x_wconf 91' lang='lat'><strong>.</strong></span> <span class='ocrx_word' id='word_1_447' title='bbox 1935 3667 1949 3681; x_wconf 90' lang='lat'><strong>.</strong></span> <span class='ocrx_word' id='word_1_448' title='bbox 1989 3667 2004 3692; x_wconf 77' lang='lat'><strong>.</strong></span> <span class='ocrx_word' id='word_1_449' title='bbox 2037 3635 2360 3681; x_wconf 76' lang='lat' dir='ltr'><strong>interiecto:</strong></span> <span class='ocrx_word' id='word_1_450' title='bbox 2426 3634 2526 3679; x_wconf 87' lang='lat' dir='ltr'><strong>abl.</strong></span> <span class='ocrx_word' id='word_1_451' title='bbox 2562 3634 2675 3680; x_wconf 84' lang='lat' dir='ltr'><strong>abs.</strong></span> 
     </span>
    </p>

    <p class='ocr_par' dir='ltr' id='par_1_11' title="bbox 380 3702 2680 3955">
     <span class='ocr_line' id='line_1_42' title="bbox 448 3702 2445 3755; baseline 0.001 -10"><span class='ocrx_word' id='word_1_452' title='bbox 448 3705 520 3745; x_wconf 87' lang='lat'><strong>12.</strong></span> <span class='ocrx_word' id='word_1_453' title='bbox 557 3702 936 3755; x_wconf 75' lang='lat' dir='ltr'><strong>Quamquam:</strong></span> <span class='ocrx_word' id='word_1_454' title='bbox 975 3704 1152 3748; x_wconf 81' lang='lat' dir='ltr'><strong>&#39;What</strong></span> <span class='ocrx_word' id='word_1_455' title='bbox 1186 3705 1228 3747; x_wconf 88' lang='lat' dir='ltr'><strong>is</strong></span> <span class='ocrx_word' id='word_1_456' title='bbox 1261 3705 1360 3747; x_wconf 81' lang='lat' dir='ltr'><strong>this</strong></span> <span class='ocrx_word' id='word_1_457' title='bbox 1394 3715 1480 3746; x_wconf 87' lang='lat' dir='ltr'><strong>use</strong></span> <span class='ocrx_word' id='word_1_458' title='bbox 1565 3705 1847 3755; x_wconf 80' lang='lat' dir='ltr'><strong>expressing</strong></span> <span class='ocrx_word' id='word_1_459' title='bbox 1874 3703 2141 3754; x_wconf 87' lang='lat' dir='ltr'><strong>condition,</strong></span> <span class='ocrx_word' id='word_1_460' title='bbox 2174 3714 2228 3747; x_wconf 85' lang='lat' dir='ltr'><strong>as</strong></span> <span class='ocrx_word' id='word_1_461' title='bbox 2255 3704 2308 3746; x_wconf 89' lang='lat' dir='ltr'><strong>in</strong></span> <span class='ocrx_word' id='word_1_462' title='bbox 2333 3703 2368 3747; x_wconf 92' lang='lat' dir='ltr'><strong>l.</strong></span> <span class='ocrx_word' id='word_1_463' title='bbox 2400 3704 2445 3746; x_wconf 82' lang='lat'><strong>9.</strong></span> 
     </span>
     <span class='ocr_line' id='line_1_43' title="bbox 380 3767 2677 3822; baseline 0.001 -11"><span class='ocrx_word' id='word_1_464' title='bbox 380 3770 432 3811; x_wconf 67' lang='grc' dir='ltr'><strong>οῖ</strong></span> <span class='ocrx_word' id='word_1_465' title='bbox 458 3769 544 3813; x_wconf 89' lang='lat' dir='ltr'><strong>the</strong></span> <span class='ocrx_word' id='word_1_466' title='bbox 570 3769 703 3812; x_wconf 91' lang='lat' dir='ltr'><strong>word</strong></span> <span class='ocrx_word' id='word_1_467' title='bbox 731 3770 915 3813; x_wconf 81' lang='lat' dir='ltr'><strong>called?</strong></span> <span class='ocrx_word' id='word_1_468' title='bbox 972 3770 1060 3814; x_wconf 86' lang='lat' dir='ltr'><strong>See</strong></span> <span class='ocrx_word' id='word_1_469' title='bbox 1087 3782 1151 3813; x_wconf 91' lang='lat' dir='ltr'><strong>on</strong></span> <span class='ocrx_word' id='word_1_470' title='bbox 1178 3772 1229 3814; x_wconf 72' lang='grc'><strong>9.</strong></span> <span class='ocrx_word' id='word_1_471' title='bbox 1260 3773 1302 3813; x_wconf 91' lang='grc'><strong>1.</strong></span> <span class='ocrx_word' id='word_1_472' title='bbox 1363 3779 1482 3813; x_wconf 77' lang='lat' dir='ltr'><strong>non</strong></span> <span class='ocrx_word' id='word_1_473' title='bbox 1630 3773 1703 3820; x_wconf 90' lang='lat'><strong>21,</strong></span> <span class='ocrx_word' id='word_1_474' title='bbox 1755 3772 1829 3814; x_wconf 90' lang='lat'><strong>22.</strong></span> <span class='ocrx_word' id='word_1_475' title='bbox 1867 3770 1995 3814; x_wconf 89' lang='lat' dir='ltr'><strong>Note</strong></span> <span class='ocrx_word' id='word_1_476' title='bbox 2042 3770 2128 3814; x_wconf 90' lang='lat' dir='ltr'><strong>the</strong></span> <span class='ocrx_word' id='word_1_477' title='bbox 2172 3770 2435 3822; x_wconf 89' lang='lat' dir='ltr'><strong>repetition</strong></span> <span class='ocrx_word' id='word_1_478' title='bbox 2483 3769 2537 3812; x_wconf 82' lang='lat' dir='ltr'><strong>oi</strong></span> <span class='ocrx_word' id='word_1_479' title='bbox 2585 3767 2677 3813; x_wconf 80' lang='lat' dir='ltr'><strong>the</strong></span> 
     </span>
     <span class='ocr_line' id='line_1_44' title="bbox 381 3834 2677 3889; baseline 0 -10"><span class='ocrx_word' id='word_1_480' title='bbox 381 3834 548 3879; x_wconf 85' lang='lat' dir='ltr'><strong>nulli:</strong></span> <span class='ocrx_word' id='word_1_481' title='bbox 613 3837 801 3884; x_wconf 61' lang='lat' dir='ltr'><strong>‘soma’</strong></span> <span class='ocrx_word' id='word_1_482' title='bbox 834 3837 1041 3888; x_wconf 84' lang='lat' dir='ltr'><strong>entirely</strong></span> <span class='ocrx_word' id='word_1_483' title='bbox 1071 3836 1339 3886; x_wconf 83' lang='lat' dir='ltr'><strong>indefinite,</strong></span> <span class='ocrx_word' id='word_1_484' title='bbox 1373 3848 1481 3889; x_wconf 89' lang='lat' dir='ltr'><strong>per-</strong></span> <span class='ocrx_word' id='word_1_485' title='bbox 1566 3838 1712 3879; x_wconf 89' lang='lat' dir='ltr'><strong>letter</strong></span> <span class='ocrx_word' id='word_1_486' title='bbox 1747 3849 1779 3888; x_wconf 90' lang='lat' dir='ltr'><strong>p</strong></span> <span class='ocrx_word' id='word_1_487' title='bbox 1813 3838 1864 3880; x_wconf 89' lang='lat' dir='ltr'><strong>in</strong></span> <span class='ocrx_word' id='word_1_488' title='bbox 1901 3837 2038 3880; x_wconf 89' lang='lat' dir='ltr'><strong>these</strong></span> <span class='ocrx_word' id='word_1_489' title='bbox 2069 3836 2207 3880; x_wconf 75' lang='lat' dir='ltr'><strong>lineS.</strong></span> <span class='ocrx_word' id='word_1_490' title='bbox 2275 3836 2504 3887; x_wconf 76' lang='lat' dir='ltr'><strong>reprimi</strong></span> <span class='ocrx_word' id='word_1_491' title='bbox 2545 3865 2560 3879; x_wconf 90' lang='lat'><strong>.</strong></span> <span class='ocrx_word' id='word_1_492' title='bbox 2601 3865 2615 3879; x_wconf 91' lang='lat'><strong>.</strong></span> <span class='ocrx_word' id='word_1_493' title='bbox 2656 3864 2677 3880; x_wconf 87' lang='lat'><strong>.</strong></span> 
     </span>
     <span class='ocr_line' id='line_1_45' title="bbox 385 3901 2680 3955; baseline 0.001 -11"><span class='ocrx_word' id='word_1_494' title='bbox 385 3901 506 3953; x_wconf 60' lang='lat' dir='ltr'><strong>&amp;aps</strong></span> <span class='ocrx_word' id='word_1_495' title='bbox 534 3903 639 3953; x_wconf 83' lang='lat' dir='ltr'><strong>tew,</strong></span> <span class='ocrx_word' id='word_1_496' title='bbox 672 3903 881 3955; x_wconf 85' lang='lat' dir='ltr'><strong>perhaps</strong></span> <span class='ocrx_word' id='word_1_497' title='bbox 909 3913 1075 3955; x_wconf 77' lang='lat' dir='ltr'><strong>many.</strong></span> <span class='ocrx_word' id='word_1_498' title='bbox 1568 3903 1888 3955; x_wconf 80' lang='lat' dir='ltr'><strong>comprimi:</strong></span> <span class='ocrx_word' id='word_1_499' title='bbox 1955 3914 2034 3948; x_wconf 87' lang='lat' dir='ltr'><strong>see</strong></span> <span class='ocrx_word' id='word_1_500' title='bbox 2068 3915 2133 3946; x_wconf 90' lang='lat' dir='ltr'><strong>on</strong></span> <span class='ocrx_word' id='word_1_501' title='bbox 2167 3904 2249 3947; x_wconf 83' lang='lat'><strong>11.</strong></span> <span class='ocrx_word' id='word_1_502' title='bbox 2287 3906 2357 3947; x_wconf 88' lang='grc'><strong>10.</strong></span> <span class='ocrx_word' id='word_1_503' title='bbox 2428 3903 2594 3946; x_wconf 82' lang='lat' dir='ltr'><strong>Cicero</strong></span> <span class='ocrx_word' id='word_1_504' title='bbox 2629 3903 2680 3946; x_wconf 75' lang='lat' dir='ltr'><strong>is</strong></span> 
     </span>
    </p>
   </div>
  </div>
 </body>
</html>
