2913 4338
155 2000 217 2046 25
249 1983 511 2064 galibus
556 2003 696 2046 esse
741 1987 942 2062 gesta.

1072 310 1229 366 cAP.
1273 311 1393 374 7-9,
1440 304 1518 385 §g
1570 312 1739 364 19-22

2528 304 2637 366 191

153 505 208 548 ιο
238 493 603 550 instructas
634 486 851 562 fuisse,
886 487 1243 566 urbemque
1274 485 1466 548 Asiae
1497 485 1919 548 clarissimam
1951 480 2266 565 nobisque
2298 482 2549 546 amicis-

236 588 484 650 simam
514 586 978 666 Cyzicenerum
1014 586 1343 648 obsessam
1377 605 1516 647 esse
1552 586 1635 647 ab
1671 586 1814 665 ipse
1847 595 1994 664 rege
2021 585 2311 647 maxime
2332 583 2550 646 multi-

237 686 481 750 tudine
542 690 614 749 et
674 692 1125 765 oppugnetam
1188 684 1779 761 vehementissime;
1841 705 2042 766 quam
2105 685 2176 746 L.
2244 682 2550 746 Lucullus

238 787 520 863 virtute,
570 785 974 861 assiduitate,
1023 784 1289 848 censilie
1333 793 1606 846 summis
1650 783 2004 848 obsidionis
2046 783 2347 865 periculis
2390 782 2548 846 libe-

236 887 449 963 revit3
484 887 568 949 ab
601 885 830 948 eedem
861 884 1249 965 imperatore
1282 884 1550 947 classem
1582 904 1887 963 magnam
1918 891 1987 947 et
2019 889 2338 959 efflatam,
2373 903 2542 965 quae
2562 885 2633 945 21

155 1005 207 1047 ιε
242 987 530 1049 ducibus
581 985 966 1049 Serterianis
1015 984 1100 1047 ad
1149 974 1414 1047 Italiam
1464 982 1684 1047 studie
1732 984 2143 1046 inflammeta
2187 990 2542 1063 raperetur,

241 1092 630 1166 superatam
678 1104 816 1148 esse
864 1090 1064 1166 atque
1112 1084 1483 1164 depressam
1493 1103 1510 1161 ;
1559 1094 1830 1163 magnas
1876 1084 2164 1147 hostium
2211 1089 2549 1164 praeterea

244 1186 474 1267 cepias
509 1185 734 1249 multis
767 1185 1026 1266 proeliis
1056 1204 1195 1248 esse
1229 1184 1477 1248 deletas
1509 1184 2051 1265 patefactumque
2084 1188 2322 1247 nostris
2355 1182 2549 1262 legie-

245 1286 446 1349 nibus
485 1289 624 1349 esse
663 1285 970 1362 Pontum,
1012 1293 1128 1366 qui
1168 1291 1365 1347 antee
1402 1283 1647 1365 popule
1686 1285 1987 1347 Remane
2025 1304 2109 1346 ex
2146 1292 2326 1348 omni
2364 1282 2550 1345 aditu

247 1384 513 1449 clausus
573 1384 827 1462 fuisset;
887 1385 1172 1465 Sinepen
1231 1390 1434 1464 atque
1494 1384 1810 1460 Amisum,
1871 1383 2110 1465 quibus
2167 1382 2237 1444 in
2294 1382 2551 1463 oppidis

154 1501 215 1545 30
249 1492 444 1548 erant
472 1484 800 1549 domicilia
823 1484 1009 1564 regiS,
1038 1483 1340 1548 omnibus
1364 1484 1560 1546 rebus
1587 1490 1851 1546 ernetas
1877 1504 1952 1546 ac
1978 1482 2251 1546 refertas
2277 1488 2552 1545 ceteras-

251 1603 383 1666 que
403 1586 599 1648 urbes
619 1584 817 1648 Ponti
835 1591 903 1647 et
924 1583 1372 1663 Cappadociae
1390 1583 1750 1663 permultas
1769 1592 1902 1645 une
1923 1581 2108 1646 aditu
2131 1582 2550 1662 adventuque

250 1703 394 1749 esse
426 1689 686 1765 captam
719 1692 934 1762 regem
966 1681 1318 1764 spoliatum
1350 1692 1548 1761 regne
1579 1681 1794 1763 patrie
1827 1689 2027 1763 atque
2060 1689 2242 1745 avite
2274 1682 2359 1745 ad
2393 1681 2552 1744 alies

251 1794 325 1848 se
380 1794 563 1863 reges
619 1789 820 1863 atque
876 1782 961 1845 ad
1018 1783 1177 1846 alias
1230 1789 1455 1862 gentes
1510 1782 1866 1862 supplicem
1923 1781 2270 1846 contulisse
2278 1802 2295 1858 ;
2353 1786 2553 1862 atque

250 1884 415 1947 haec
457 1882 680 1948 omnia
720 1883 917 1946 salvis
954 1881 1180 1963 populi
1220 1883 1504 1944 Remani
1542 1881 1730 1945 sociis
1787 1886 1987 1962 atque
2046 1881 2313 1960 integris
2352 1888 2554 1944 vecti-

1033 1982 1206 2046 Satis
1250 1991 1480 2061 opinor
1524 1981 1683 2044 haec
1728 2001 1866 2044 esse
1911 1980 2139 2057 laudiS,
2190 1987 2388 2062 atque
2434 1981 2548 2057 ita,

252 2083 563 2160 Quirites,
621 2087 699 2144 ut
752 2083 873 2145 hoc
927 2090 1045 2144 ves
1096 2080 1506 2159 intellegetis
1564 2089 1605 2143 a
1655 2081 1833 2143 nulle
1886 2081 2178 2157 isterum,
2235 2090 2349 2161 qui
2401 2081 2550 2143 huic

255 2185 641 2250 obtrectant
669 2181 796 2262 legi
828 2188 1025 2263 atque
1058 2201 1308 2256 causae,
1344 2181 1413 2242 L.
1450 2181 1791 2244 Lucullum
1824 2181 2116 2244 similiter
2145 2201 2228 2243 ex
2258 2183 2379 2245 hec
2411 2182 2554 2244 loce

263 2302 406 2345 esse
432 2283 797 2346 laudetum.

347 2383 416 2447 9.
464 2384 858 2463 Requiretur
890 2382 1161 2446 fortasse
1195 2402 1385 2457 nunc,
1420 2401 1615 2461 quem
1650 2382 1732 2444 ad
1765 2382 2052 2457 modum,
2088 2402 2234 2445 cum
2268 2383 2424 2444 haec
2458 2381 2553 2443 ita
2571 2384 2651 2443 22

329 2575 387 2616 10
460 2573 771 2617 instructas
823 2573 1019 2617 tuisse:
1103 2572 1156 2614 in
1211 2571 1365 2615 direct

255 2642 512 2685 discourse
566 2640 730 2684 would
788 2640 849 2683 be
903 2641 1160 2683 instructae
1214 2640 1367 2682 eram·

255 2710 498 2753 obsessam
526 2719 625 2750 esse
651 2706 813 2749 would
843 2707 904 2750 be
932 2706 1240 2749 obsidebatur.

329 2777 406 2819 13.
437 2774 722 2818 liberavit:
750 2773 1030 2821 indicative,
1048 2776 1136 2816 not
1152 2771 1369 2823 depend-

255 2843 348 2893 ing
399 2852 466 2884 on
516 2840 635 2889 dico,
675 2840 710 2883 1.
747 2841 778 2883 8
832 2839 913 2889 (ef.
954 2840 1020 2882 est
1069 2839 1122 2882 in
1173 2840 1224 2882 2.
1268 2839 1365 2888 10).

263 2908 405 2952 With
434 2907 521 2950 the
566 2910 685 2949 next
732 2906 895 2949 clause
929 2906 1006 2954 (ab
1045 2906 1216 2954 eodm.
1246 2905 1365 2955 etc.)

261 2975 351 3018 the
379 2974 513 3017 force
540 2972 592 3016 01
619 2972 724 3016 dico
748 2972 791 3016 is
817 2971 905 3016 felt
934 2973 1094 3023 again,
1124 2970 1226 3015 and
1252 2981 1368 3014 con-

261 3040 440 3085 tinued
469 3043 523 3083 to
549 3039 580 3083 l.
613 3041 688 3083 25.

332 3109 408 3151 15.
442 3106 655 3152 studio:
702 3106 871 3158 ‘party
894 3104 1034 3149 zeal.’

329 3172 411 3222 18,
455 3174 528 3216 19.
590 3172 861 3217 Pontumz
957 3173 1043 3216 the
1114 3170 1368 3222 kingdom.

263 3241 392 3294 qui:
472 3238 732 3290 ‘although
770 3239 845 3283 it)
917 3239 1176 3290 sinopen.
1220 3238 1371 3281 Aml-

263 3317 424 3353 nun:
488 3305 627 3349 these
657 3309 817 3350 towns
846 3305 992 3349 made
1024 3316 1089 3349 an
1120 3304 1372 3348 obstinate

262 3374 549 3423 resistance.
587 3383 642 3415 so
678 3371 789 3415 that
825 3382 923 3415 uno
957 3373 1094 3415 aditu
1129 3371 1372 3424 probably

262 3442 420 3485 refers
446 3439 630 3491 merely
658 3443 713 3482 to
740 3441 910 3482 ceteras
936 3439 1072 3482 urbes
1098 3437 1370 3489 permultas,

269 3506 438 3551 'other
467 3506 607 3549 cities
636 3505 688 3548 in
720 3508 856 3555 great
887 3504 1154 3548 numbers!

336 3575 412 3623 23,
433 3575 510 3616 24.
543 3572 681 3615 allas
721 3572 940 3623 tentes:
1018 3571 1172 3615 taken
1210 3581 1280 3622 up
1319 3573 1373 3613 at

264 3643 322 3685 0.
353 3643 427 3683 14.
484 3638 654 3682 salvis
680 3639 864 3681 sociis:
918 3637 1150 3680 ‘without
1176 3648 1376 3689 oppres-

264 3707 382 3758 sing
412 3706 499 3749 the
532 3704 860 3758 provincials‚’
892 3705 988 3753 Le..
1021 3703 1093 3757 by
1124 3703 1376 3746 contribu-

267 3774 405 3817 tions
447 3772 549 3816 and
591 3772 741 3816 levies
783 3772 836 3815 oi
877 3775 1063 3823 troops.
1137 3771 1374 3821 integris

268 3838 671 3891 vectigalibus:
744 3838 993 3885 ‘without
1011 3837 1254 3888 lessening
1288 3837 1375 3880 the

268 3906 442 3959 public
460 3904 731 3951 revenuesJ
784 3904 1015 3949 Lucullus
1034 3902 1269 3956 detrayed
1288 3903 1375 3946 the

1451 2584 1689 2625 expenses
1711 2575 1763 2616 ot
1785 2573 1871 2616 the
1895 2573 2159 2615 Armenian
2182 2574 2439 2625 campaign
2463 2576 2550 2616 out

1452 2642 1505 2683 ot
1531 2639 1617 2683 the
1641 2639 1798 2691 booty
1822 2639 2024 2691 already
2048 2640 2214 2682 taken.

1516 2709 1686 2750 25—27.
1718 2707 1826 2749 ita:
1900 2707 1975 2748 ‘so
2011 2706 2307 2758 expressed;’
2344 2708 2396 2749 ut
2432 2738 2445 2750 .
2484 2739 2497 2751 .
2540 2738 2553 2752 .

1451 2773 1731 2824 intelleoatis
1754 2773 1874 2816 then
1896 2772 1939 2815 is
1961 2784 1992 2816 a
2014 2772 2165 2815 result
2189 2773 2367 2818 clause.
2420 2774 2556 2817 isto-

1450 2848 1606 2883 rum:
1672 2839 1750 2882 his
1782 2843 2060 2891 opponents
2100 2839 2160 2888 (I.
2198 2840 2246 2883 1.
2276 2840 2372 2890 15),
2402 2842 2481 2883 1⁷.
2520 2842 2552 2883 9

1451 2905 1505 2948 fl.
1569 2914 1794 2950 causae:
1855 2906 1941 2949 ‘its
1971 2905 2304 2958 application.'

1522 3038 1616 3081 The
1672 3048 1770 3081 war
1831 3037 1930 3081 stin
1986 3024 2244 3091 important
2296 3039 2396 3081 and
2432 3039 2557 3090 diffi-

1452 3106 1547 3148 cult
1576 3106 1767 3148 because
1797 3104 2101 3148 Mithridates
2127 3105 2174 3148 is
2200 3104 2348 3148 active
2391 3106 2553 3157 anain.

1453 3172 1565 3216 with
1627 3172 1704 3215 old
1754 3173 1853 3216 and
1907 3182 2009 3215 new
2058 3173 2343 3223 supportem,
2404 3172 2559 3223 5522·-

1454 3242 1532 3283 26.

1520 3302 1574 3354 9.
1613 3308 1655 3349 1.
1688 3306 2045 3356 qumreturt
2113 3316 2145 3348 a
2178 3305 2305 3348 torm
2340 3306 2392 3348 of
2425 3316 2558 3348 occu-

1458 3373 1604 3423 patio.
1630 3371 1715 3414 the
1738 3371 2063 3423 anticipation
2087 3371 2186 3414 and
2212 3373 2482 3423 answering
2505 3375 2558 3413 or·

1458 3450 1487 3481 a
1514 3438 1724 3490 possible
1748 3438 2014 3489 objection.
2074 3438 2176 3482 The
2202 3444 2480 3490 opponents
2505 3442 2558 3483 ot

1459 3506 1544 3548 the
1580 3504 1814 3548 Manilian
1850 3505 1963 3548 Law
1998 3504 2098 3548 had
2133 3505 2346 3548 extolled
2383 3507 2560 3550 Lucul-

1459 3571 1579 3614 lus's
1614 3571 1762 3614 deeds
1796 3571 1849 3614 in
1883 3571 2026 3614 order
2061 3574 2116 3615 to
2153 3572 2285 3615 show
2322 3572 2433 3617 that
2472 3573 2558 3617 the

1456 3648 1560 3681 war
1598 3648 1700 3680 was
1739 3648 1805 3680 no
1843 3636 2011 3688 longer
2050 3648 2082 3680 a
2121 3648 2243 3689 very
2282 3637 2558 3690 dangerous

1459 3715 1567 3752 one.
1596 3703 1696 3746 and
1724 3703 1835 3747 that
1863 3704 1903 3746 it
1930 3716 2031 3747 was
2057 3704 2300 3749 therefore
2325 3717 2558 3749 unneces·

1460 3781 1575 3821 sary
1615 3773 1669 3812 to
1706 3769 1894 3814 bestow
1932 3770 2018 3814 the
2058 3771 2301 3823 proposed
2339 3778 2557 3815 extraor-

1460 3837 1636 3887 dinary
1677 3847 1865 3889 powers
1905 3848 1969 3880 on
2022 3838 2257 3890 Pompey.
2335 3837 2396 3881 In
2422 3838 2498 3882 ch.
2527 3841 2557 3882 8

1462 3904 1626 3947 Cicero
1647 3902 1841 3955 praised
1864 3903 2094 3948 Lucullus
2115 3904 2300 3958 highly.
2324 3904 2423 3949 and
2445 3916 2556 3948 now
