2913 4338
981 282 1143 339 GAJ'.
1187 284 1308 348 7-9,
1352 278 1427 358 §g
1474 285 1651 336 21-26
2435 278 2562 340 315

172 455 431 531 omitto,
463 466 598 519 non
626 463 765 520 tam
794 466 877 520 ne
908 457 1237 522 offendam
1269 463 1419 521 tuas
1463 455 1971 537 patientissimas
2015 465 2219 531 aures,
2266 474 2467 536 quam

171 564 252 618 ne
284 556 567 632 Tubero,
604 556 783 635 quod
815 576 1175 636 numquam
1210 556 1545 636 cogitavit,
1584 556 1876 619 facturus
1910 556 2104 618 fuisse
2138 555 2461 618 videatur.

171 655 554 719 Veniebatis
602 655 799 735 igitur
847 655 917 718 in
964 646 1272 732 Africam,
1324 655 1730 737 provinciam
1780 665 1981 718 sinam
2030 674 2115 717 ex
2164 654 2466 718 omnibus

90 769 144 813 10
171 753 319 818 huic
356 754 673 818 victoriae
706 754 989 818 maxime
1021 756 1347 832 infestam,
1384 754 1455 817 in
1487 764 1621 836 qua
1651 760 1794 818 erat
1827 766 1941 817 rex
1973 755 2466 836 potentissimus

170 852 475 918 inimicus
523 853 671 918 huic
720 874 970 931 causae,
1024 855 1232 919 aliena
1278 855 1587 920 voluntas
1634 861 1996 919 conventus
2044 854 2218 916 firmi
2266 862 2466 935 atque

171 963 414 1034 magni.
505 955 786 1031 Quaero:
871 954 1043 1032 Quid
1077 955 1315 1019 facturi
1347 955 1601 1018 fuistis?
1684 975 2106 1036 quamquam,
2143 954 2302 1035 quid
2335 955 2471 1019 fac-

170 1057 305 1114 turi
348 1054 624 1131 fueritis,
668 1054 986 1131 dubitem,
1030 1075 1180 1118 cum
1222 1054 1501 1131 videam,
1546 1054 1707 1136 quid
1749 1055 2063 1118 feceritis?
2147 1055 2470 1119 Prohibiti

173 1153 330 1215 estis
358 1153 433 1215 in
456 1154 792 1235 provincia
816 1160 1036 1218 vestra
1060 1155 1292 1235 pedem
1318 1165 1578 1236 ponere,
1607 1160 1675 1218 et
1701 1154 2014 1236 prohibiti
2037 1165 2294 1218 summa
2321 1175 2469 1217 cum

93 1267 147 1311 15
175 1250 430 1316 iniuria.
520 1254 664 1330 Quo
691 1254 886 1319 modo
912 1254 980 1317 id
1006 1254 1285 1318 tulistis?
1370 1260 1677 1335 acceptae
1704 1255 1974 1317 iniuriae
2001 1254 2351 1335 querellam
2388 1255 2569 1319 ad25

173 1372 371 1431 quem
420 1353 779 1416 detulistis?
865 1353 1114 1434 Nempe
1162 1355 1247 1417 ad
1293 1374 1466 1431 eum,
1518 1354 1700 1418 cuius
1754 1354 2215 1417 auctoritatem
2264 1361 2472 1417 secuti

173 1450 241 1512 in
282 1452 665 1516 societatem
710 1453 861 1516 belli
904 1453 1248 1518 veneratis.
1338 1454 1587 1531 Quodsi
1632 1454 1926 1517 Caesaris
1972 1463 2170 1517 causa
2213 1453 2282 1516 in
2324 1463 2473 1534 pro-

175 1550 456 1616 vinciam
495 1553 875 1631 veniebatiS,
917 1554 1003 1618 ad
1040 1574 1189 1616 eum
1240 1554 1537 1635 profecto
1588 1554 1838 1617 exclusi
1887 1553 2224 1635 provincia
2261 1553 2472 1616 venis-

176 1651 347 1714 setis.
434 1652 717 1716 Venistis
755 1653 839 1715 ad
874 1653 1276 1734 Pompeium.
1368 1655 1552 1731 Quae
1586 1660 1687 1718 est
1723 1664 1874 1733 ergo
1911 1654 2090 1734 apud
2128 1655 2471 1717 Caesarem

95 1763 151 1809 κο
177 1752 478 1829 querella,
524 1773 673 1816 cum
711 1772 861 1815 eum
903 1754 1236 1830 accusetiS,
1281 1763 1321 1817 a
1359 1764 1494 1835 quo
1533 1753 1896 1833 queramini
1934 1754 2297 1833 prohibitos
2336 1773 2474 1816 esse

180 1860 295 1913 vos
345 1858 575 1915 contra
623 1853 961 1916 Caesarem
1012 1873 1229 1933 gerere
1278 1853 1559 1917 bellum?
1645 1856 1864 1933 Atque
1913 1853 1983 1916 in
2033 1854 2153 1917 hoc
2206 1854 2472 1933 quidem

180 1950 280 2012 vel
319 1971 466 2014 cum
506 1952 865 2028 mendacio,
906 1961 963 2015 si
1000 1953 1220 2030 vultis,
1261 1953 1625 2033 gloriemini
1661 1973 1777 2033 per
1816 1963 1921 2016 me
1958 1953 2128 2030 licet,
2171 1964 2289 2017 vos
2326 1963 2476 2033 prs>-

182 2049 456 2114 vinciam
502 2052 699 2115 fuisse
743 2053 998 2115 Caesari
1041 2054 1416 2117 tradituros.
1510 2053 1790 2116 Etiamsi
1814 2063 1874 2116 a
1917 2055 2090 2116 Varo
2134 2058 2201 2115 et
2248 2062 2287 2115 a
2330 2052 2473 2132 qui-

180 2148 449 2214 busdam
488 2151 629 2215 aliis
665 2153 977 2231 prohibiti
1012 2153 1187 2230 estis,
1226 2175 1344 2234 ego
1381 2159 1610 2217 tamen
1647 2154 2003 2218 confitebor
2041 2153 2298 2234 culpam
2335 2173 2473 2217 esse

105 2262 157 2307 25
186 2248 406 2329 Ligari,
445 2261 560 2332 qui
595 2262 715 2314 vos
750 2257 978 2315 tantae
1013 2254 1225 2317 laudis
1259 2254 1598 2317 occasione
1633 2253 2011 2336 privaverit.

257 2350 317 2414 9.
362 2351 487 2414 Sed
537 2351 708 2428 vide,
761 2362 1023 2440 quaese,
1077 2355 1331 2430 Caesar,
1386 2353 1828 2417 constantiam
1881 2353 2279 2417 ornatissimi
2336 2353 2471 2429 viri,
2489 2356 2573 2417 26

184 2467 372 2527 quam
406 2471 542 2530 ego,
582 2460 885 2531 quamvis
919 2452 1055 2533 ipse
1090 2455 1455 2532 probarem,
1497 2459 1571 2515 ut
1607 2455 1832 2534 probo,
1872 2460 2096 2516 tamen
2129 2462 2263 2514 non
2298 2473 2473 2515 com-

189 2677 298 2717 non
331 2676 588 2727 probata:
658 2677 866 2721 because
902 2678 988 2722 the
1022 2678 1279 2722 surrender

189 2741 339 2784 would
359 2742 485 2785 have
502 2742 735 2786 Involved
754 2755 819 2787 an
837 2749 917 2788 act
937 2746 990 2788 of
1008 2749 1206 2789 treason
1224 2749 1278 2788 to

189 2803 267 2848 the
290 2809 580 2860 appointing
605 2820 783 2861 power.

248 2875 289 2917 7.
321 2883 390 2918 ne
476 2874 785 2921 offendam:

189 2940 329 2991 may)

247 3008 289 3049 9.
320 3008 654 3051 veniebatis:

1431 2680 1507 2722 13.
1543 2677 1826 2722 dubl-iem:
1876 2677 2271 2720 ‘canldoubtr'
2321 2679 2472 2722 Force

1365 2746 1418 2788 of
1444 2746 1761 2796 quamquam?
1818 2744 1907 2788 See
1935 2744 1976 2787 1.
2004 2746 2055 2788 0.
2086 2746 2129 2788 1.

1433 2814 1506 2855 14.
1542 2819 1770 2864 ponere:
1871 2811 1934 2854 cf.
1991 2811 2125 2855 vert.
2179 2812 2228 2854 δ.
2282 2813 2363 2859 23;
2414 2822 2473 2854 so

893 2877 991 2922 'tor
1075 2879 1181 2922 sear
1253 2878 1278 2922 1
1366 2877 1587 2929 verere.l.
1613 2880 1690 2922 21.

704 3008 825 3062 ‘you
848 3022 987 3061 were,
1014 3011 1150 3062 then,
1177 3015 1281 3056 trv-
1447 3010 1685 3054 Excluded
1719 3010 1775 3061 bv
1812 3008 2030 3053 Gaesar’s
2064 3010 2334 3061 opponente.
2372 3020 2468 3061 νου

189 3068 266 3122 ing
289 3077 342 3116 to
368 3085 521 3118 come.
526 3075 538 3094 '
601 3075 818 3127 Explain
846 3080 984 3121 tense
1011 3077 1110 3120 and
1138 3088 1281 3121 num·

190 3134 286 3182 ber.

251 3208 319 3249 10.
353 3206 484 3252 huto
512 3208 804 3253 victoriae:
861 3220 916 3253 as
945 3211 985 3253 it
1011 3209 1159 3253 huius
1186 3211 1280 3254 vic·

189 3268 337 3323 toriae.
382 3274 594 3317 Caesar’
597 3285 622 3316 s
660 3276 895 3328 victory?
936 3287 991 3319 so
1029 3288 1103 3320 we
1141 3278 1279 3320 often

191 3342 307 3382 meet
350 3350 406 3382 ea
446 3341 603 3392 aratia
647 3342 723 3384 for
767 3342 872 3385 eius
914 3344 1085 3394 qratia.
1162 3353 1278 3387 rex:

191 3401 322 3456 Juba.
352 3406 472 3458 king
499 3408 551 3450 ot
581 3407 831 3458 Numidia,
863 3420 893 3452 a
922 3410 1136 3453 devoted
1165 3421 1279 3463 sup-

191 3476 342 3520 portet
364 3474 417 3516 of
441 3474 662 3527 Pompey
686 3475 785 3518 and
811 3475 896 3520 the
920 3481 1106 3521 senate.

247 3540 317 3583 11.
350 3542 688 3585 conventus:
772 3543 960 3594 gem—⁸
972 3543 1057 3587 the
1098 3543 1277 3587 hostile

190 3605 393 3650 attitude
416 3607 468 3650 οῖ
491 3618 523 3650 a
546 3612 682 3659 great
708 3608 807 3651 and
832 3609 1067 3661 powerful
1092 3611 1277 3653 combi-

191 3672 681 3717 nation'—doubtless
705 3676 939 3728 referring
963 3680 1016 3720 to
1036 3676 1122 3721 the
1140 3680 1276 3728 great

193 3733 397 3783 business
415 3740 658 3791 interest&
680 3745 734 3784 to
753 3742 909 3785 which
929 3743 1147 3786 Caesar’s
1167 3754 1278 3795 pro-

192 3812 393 3912 gramme
430 3806 593 3850 would
631 3806 882 3859 naturally
918 3820 1049 3853 seem
1086 3809 1281 3853 revolu-

228 3880 392 3924 onary.

1366 3079 1483 3120 went
1497 3077 1577 3119 not
1592 3089 1637 3119 ιο
1654 3076 1829 3120 Caesar
1844 3077 1922 3118 but
1937 3077 1983 3118 to
1999 3074 2075 3118 his
2089 3076 2254 3118 rival‘s
2267 3086 2470 3127 camp—

1366 3143 1585 3194 splendid
1611 3142 1781 3194 lovaltv
1807 3141 1863 3184 in
1889 3141 1963 3184 the
1987 3141 2090 3194 tace
2115 3142 2163 3193 or
2188 3152 2345 3194 wrona
2368 3143 2470 3185 and

1365 3209 1535 3252 insum
1602 3208 1829 3259 §525-28.

1430 3279 1506 3320 20.
1541 3285 1699 3320 eum:
1742 3277 1904 3319 notice
1926 3276 2063 3319 three
2083 3287 2397 3320 occurrences
2416 3277 2470 3320 ot

1366 3343 1467 3386 this
1486 3343 1618 3386 word
1639 3342 1809 3386 within
1830 3344 1927 3385 five
1944 3342 2080 3393 linea,
2101 3341 2221 3386 with
2240 3342 2469 3387 different

1366 3411 1610 3454 reference
1636 3410 1755 3453 each
1783 3410 1915 3454 time.

1430 3481 1508 3520 21.
1541 3477 1605 3521 in
1630 3476 1758 3521 hoc:
1811 3477 1882 3519 ‘in
1902 3476 1987 3520 the
2005 3487 2117 3520 case
2134 3476 2187 3519 ot
2212 3475 2467 3527 Ligarius}

1429 3546 1505 3587 22.
1541 3551 1675 3587 cum
1692 3542 2007 3587 mendacio:
2046 3543 2272 3596 ‘falsely.’
2306 3543 2471 3594 clori-

1366 3610 1541 3653 emlm
1566 3609 1723 3654 licet:
1769 3610 1832 3653 ct.
1860 3610 1901 3653 1.
1927 3612 1977 3654 8.
2001 3612 2048 3655 6.
2104 3619 2201 3662 per
2226 3619 2341 3655 mo:
2391 3611 2470 3653 ‘as

1367 3677 1442 3720 tar
1473 3687 1528 3719 as
1560 3677 1582 3720 Ι
1615 3687 1697 3719 arn
1727 3676 2030 3721 concerned.'

1429 3805 1484 3858 9.
1524 3811 1565 3852 1.
1597 3809 2003 3853 constantiam:

1371 3874 1616 3927 ‘loyalty.'
1673 3875 1801 3919 vm:
1850 3875 2057 3919 Tubero.

2058 3808 2070 3826 ⁵
2079 3807 2469 3859 steadfastnesa'
