2913 4338
226 262 352 326 308
892 263 1041 318 PRO
1098 264 1165 330 Q.
1224 263 1540 321 LIGARIO
1596 261 1879 317 ORATIO

323 436 623 519 publicae
650 437 954 513 reddidit,
983 446 1098 518 qui
1126 437 1210 500 ad
1236 447 1341 500 me
1366 457 1450 500 ex
1477 437 1778 517 Aegypto
1803 436 2056 500 litteras
2082 434 2279 511 misit,
2309 440 2388 498 ut
2414 453 2632 497 essem

323 536 517 614 idem,
544 547 660 619 qui
682 538 966 613 fuissem,
992 545 1278 617 quicum
1303 537 1439 618 ipse
1462 537 1816 617 imperator
1839 537 1908 598 in
1930 541 2076 600 toto
2099 534 2370 615 imperio
2392 533 2630 614 populi

230 657 292 697 ιο
326 638 610 701 Romani
637 646 807 700 unus
835 642 1024 713 esset,
1055 657 1192 700 esse
1221 647 1326 700 me
1356 638 1633 700 alterum
1662 656 1891 717 passus
1919 641 2039 712 est,
2073 644 2114 699 a
2141 645 2293 716 quo,
2325 634 2450 696 hoc
2479 634 2630 713 ipso

325 739 390 801 C.
438 738 655 800 Pansa
694 737 855 799 mihi
895 737 1201 800 nuntium
1242 737 1625 817 perferente,
1671 746 2004 801 concessos
2045 735 2251 798 fasces
2291 734 2628 797 laureatos

325 843 526 912 tenui,
557 837 778 918 quoad
806 838 1122 922 tenendos
1148 845 1401 918 putavi,
1434 847 1549 918 qui
1575 837 1735 899 mihi
1762 843 1908 900 tum
1938 836 2215 916 denique
2243 845 2312 898 se
2339 835 2629 897 saltitem

323 938 590 1019 putavit
631 937 916 1014 reddere,
963 946 1016 999 si
1057 957 1202 1000 eam
1245 937 1436 1000 nullis
1479 937 1826 1018 spoliatam
1870 943 2269 1000 ornamentis
2313 935 2623 997 dedisset.

324 1037 507 1113 Vide,
552 1047 814 1118 quaeso,
857 1038 1134 1114 Tubero,
1178 1044 1275 1113 ut,
1316 1047 1434 1119 qui
1477 1037 1557 1100 de
1597 1047 1743 1100 meo
1783 1037 1962 1100 facto
2001 1046 2136 1099 non
2177 1036 2498 1111 dubitem,
2544 1036 2687 1099 deS

230 1155 292 1198 15
326 1137 541 1217 Ligari
564 1148 697 1200 non
722 1138 999 1200 audeam
1026 1139 1335 1201 confiteri.
1426 1139 1646 1218 Atque
1671 1138 1827 1200 haec
1852 1142 2200 1217 propterea
2224 1136 2306 1198 de
2332 1146 2439 1198 me
2465 1135 2625 1211 dixi,

325 1243 402 1300 ut
444 1236 604 1299 mihi
643 1237 921 1314 Tubero,
967 1258 1116 1301 cum
1160 1238 1241 1301 de
1282 1248 1351 1301 se
1391 1238 1621 1300 eadem
1666 1237 1963 1313 dicerem,
2007 1237 2369 1316 ignosceret
2379 1256 2396 1312 ;
2442 1236 2632 1298 cuius

278 1371 285 1389 ι
323 1356 442 1416 ego
487 1337 845 1400 industriae
889 1337 1256 1418 gloriaeque
1300 1338 1493 1400 faveo
1538 1337 1641 1400 vel
1685 1344 1952 1418 propter
1992 1337 2435 1417 propinquam
2482 1356 2634 1414 cog-

324 1438 680 1512 nationem,
720 1437 823 1500 vel
860 1438 1037 1518 quod
1084 1438 1222 1501 eius
1269 1438 1527 1516 ingenio
1561 1436 1924 1517 studiisque
1960 1436 2264 1512 delector,
2303 1435 2412 1498 vel
2448 1435 2632 1516 quod

325 1537 587 1601 laudem
613 1536 1044 1601 adulescentis
1066 1538 1416 1618 propinqui
1438 1537 1743 1600 existimo
1757 1537 1957 1600 etiam
1983 1537 2069 1599 ad
2092 1555 2313 1599 meum
2339 1536 2630 1616 aliquem

228 1655 294 1698 20
326 1638 615 1700 fructum
635 1623 1027 1701 redundare.
1119 1637 1246 1702 Sed
1283 1639 1403 1701 hoc
1442 1647 1711 1717 quaero:
1797 1636 1957 1713 Quis
1992 1641 2192 1718 putat
2215 1655 2356 1699 esse
2384 1638 2688 1699 crimen9

326 1737 522 1800 fuisse
559 1738 628 1799 in
661 1727 920 1815 Africa?
1005 1737 1255 1818 Nempe
1293 1737 1365 1813 is,
1406 1745 1522 1816 qui·
1559 1743 1628 1800 et
1676 1736 1815 1816 ipse
1852 1736 1922 1798 in
1958 1737 2187 1799 eadem
2225 1726 2454 1798 Africa
2490 1755 2632 1798 esse

327 1832 537 1901 voluit
563 1842 631 1899 et
660 1838 1063 1917 prohibitum
1091 1847 1160 1900 se
1189 1847 1229 1900 a
1256 1837 1511 1930 Ligario
1533 1838 1826 1918 queritur
1852 1842 1923 1900 et
1948 1835 2122 1900 certe
2150 1841 2385 1900 contra¹
2412 1836 2633 1916 ipsum
2685 1874 2693 1883 -

327 1939 664 2001 Caesarem
693 1943 793 2000 est
817 1957 1191 2017 congressus
1215 1943 1525 2000 armatus.
1615 1937 1789 2013 Quid
1811 1936 2004 2013 enim,
2029 1937 2308 2011 Tubero,
2336 1941 2497 1999 tuus
2521 1935 2630 1998 ille

328 2037 676 2101 destrictus
718 2038 787 2099 in
830 2038 965 2101 acie
1007 2038 1379 2100 Pharsalica
1418 2037 1671 2116 gladius
1715 2038 1989 2115 agebat?
2072 2036 2257 2099 cuius
2297 2036 2478 2098 latus
2520 2035 2630 2098 ille

228 2156 294 2198 25
327 2146 551 2202 mucro
590 2139 898 2218 petebat?
984 2146 1097 2219 qui
1133 2148 1357 2201 sensus
1381 2141 1523 2201 erat
1562 2146 1889 2200 armorum
1922 2138 2223 2200 tuorum?
2309 2156 2483 2217 quae
2510 2141 2634 2199 tua

329 2248 528 2314 menS,
557 2237 744 2316 oculi,
782 2257 1033 2313 manus,
1065 2238 1255 2301 ardor
1282 2238 1518 2300 animi?
1562 2237 1721 2318 quid
1756 2237 2080 2317 cupiebas,
2112 2237 2272 2316 quid
2306 2238 2635 2316 optabas?

329 2337 538 2399 Nimis
579 2347 775 2416 urgeo
786 2358 802 2414 ;
848 2345 1241 2401 commoveri
1274 2336 1536 2399 videtur
1571 2336 1963 2399 adulescens.
2054 2336 2160 2398 Ad
2180 2346 2286 2399 me
2307 2343 2628 2399 revertar.

326 2428 544 2498 Isdem
578 2436 647 2497 in
676 2446 870 2498 armis
899 2437 1010 2499 fui.

392 2777 437 2818 8.
474 2775 751 2828 Aegypto:
798 2775 958 2818 where
984 2776 1158 2819 Caesar
1180 2775 1279 2818 had
1305 2787 1428 2827 gone

325 2843 379 2884 in
401 2843 592 2894 pursuit
615 2843 667 2885 of
689 2843 909 2895 Pompey
930 2842 1029 2885 and
1052 2842 1175 2885 been
1197 2842 1428 2886 detained

328 2899 403 2960 by'
418 2909 543 2952 local
568 2909 825 2952 disorders.
882 2908 949 2952 ut
973 2916 1176 2952 estem:
1220 2909 1426 2952 indirect

326 2974 589 3018 command
621 2976 749 3019 after
779 2975 957 3019 litteras
993 2975 1088 3024 (for
1120 2974 1205 3018 the
1235 2986 1429 3029 expres-

325 3042 433 3084 sion
459 3042 521 3085 cf.
550 3042 641 3094 Ep.
672 3042 751 3085 1⁵.
778 3041 878 3091 43).

391 3110 434 3156 9.
473 3110 546 3151 10.
580 3108 888 3160 imperator
925 3138 940 3153 .
977 3138 992 3153 .
1031 3137 1045 3152 .
1078 3117 1253 3154 unus:
1321 3109 1428 3153 ‘the

324 3183 420 3216 one
462 3175 802 3218 commander'
847 3179 901 3219 to
945 3175 1108 3218 whom
1151 3176 1217 3219 all
1261 3176 1427 3220 others

324 3250 450 3283 were
472 3241 806 3286 subordinate.
865 3241 929 3284 ot
950 3253 1120 3285 course
1144 3242 1281 3286 there
1302 3254 1426 3287 were

324 3305 491 3349 others
518 3307 628 3350 who
657 3308 867 3360 enjoyed
889 3309 975 3352 the
994 3309 1213 3361 military
1231 3309 1428 3361 imperi-

324 3383 423 3415 um.
483 3373 611 3418 hoc:
684 3374 820 3418 ‘here
848 3376 1080 3427 present.'
1139 3376 1300 3420 Pansa
1325 3376 1425 3419 had

322 3438 510 3481 carried
549 3440 765 3484 Caesar’s
803 3452 1022 3494 message
1057 3443 1109 3486 oi
1145 3442 1335 3495 pardon
1372 3446 1425 3486 to

325 3505 490 3549 Cicero
512 3511 564 3549 at
591 3508 924 3552 Brundisium.

392 3574 465 3615 11.
498 3572 674 3618 raaces
700 3573 1005 3619 laureatos:
1048 3576 1101 3619 in
1123 3577 1425 3627 recognition

323 3638 378 3682 of
413 3639 623 3692 victory.
697 3642 860 3685 Cicero
898 3643 1040 3685 when
1078 3643 1337 3694 proconsul
1376 3644 1427 3686 of

325 3704 492 3749 Cilicia
527 3708 723 3757 (51-50)
754 3708 853 3751 had
883 3708 1109 3751 defeated
1138 3719 1273 3752 some
1301 3709 1427 3760 brig-

322 3770 464 3821 ands.
500 3773 599 3815 and
632 3773 821 3824 though
855 3773 940 3816 the
970 3774 1093 3825 fight
1126 3786 1226 3818 was
1257 3786 1323 3818 an
1354 3776 1428 3818 in-

323 3837 603 3890 significant
638 3840 780 3883 affair
814 3839 876 3883 he
909 3840 1057 3892 clung
1088 3842 1165 3884 tor
1197 3852 1340 3894 years
1374 3846 1427 3885 to

1515 2777 1601 2819 the
1633 2776 1761 2828 hope
1792 2777 1844 2819 of
1876 2777 2023 2827 being
2054 2776 2259 2819 allowed
2294 2781 2348 2819 to
2382 2778 2640 2834 celebrate

1513 2854 1546 2886 a
1568 2843 1806 2894 triumph.

1581 2911 1749 2953 14—16.
1784 2910 1852 2953 ut
1897 2939 1911 2953 .
1957 2939 1971 2954 .
2018 2939 2032 2953 .
2073 2909 2344 2954 audeam:
2430 2910 2562 2954 ‘how
2609 2911 2636 2955 1

1513 2976 1632 3019 dare
1677 2980 1765 3019 not
1779 2976 2063 3020 ’—indirect
2105 2977 2353 3026 question.
2421 2978 2639 3031 Ligu-1:

1513 3042 1624 3086 how
1660 3044 1936 3093 governed?
2002 3045 2320 3095 propterea:
2395 3044 2494 3087 ‘for
2532 3045 2641 3088 this

1513 3109 1759 3162 purpose.’
1788 3110 2118 3162 anticipating
2145 3111 2198 3153 ut
2225 3141 2241 3155 .
2270 3140 2285 3156 .
2314 3141 2329 3155 .
2357 3111 2639 3163 innascere&

1514 3176 1583 3220 de
1608 3185 1667 3220 se
1694 3176 1916 3220 eadem:
1970 3178 2034 3221 ci.
2065 3177 2114 3220 1.
2145 3180 2220 3221 15.

1577 3246 1651 3292 20.
1683 3245 1761 3288 21.
1796 3244 2036 3288 crimen:
2093 3243 2146 3287 ‘a
2172 3244 2275 3288 real
2304 3246 2640 3291 accusation!

1511 3309 1709 3355 tuine:
1790 3310 1923 3355 ‘that
1964 3311 2027 3354 he
2064 3311 2203 3355 was.'
2276 3312 2396 3355 This
2434 3313 2479 3355 is
2518 3314 2641 3356 sub-

1509 3376 1610 3427 ject
1642 3376 1742 3420 and
1773 3378 1952 3421 crimen
1983 3378 2239 3430 predicate
2267 3379 2393 3423 with
2424 3390 2539 3423 esse.

1576 3445 1653 3487 24.
1688 3445 1805 3487 acie
1852 3444 2195 3489 Pharsalica:
2290 3446 2400 3489 ‘the
2445 3446 2643 3490 battle-

1508 3509 1609 3553 line
1632 3513 1685 3553 at
1712 3510 2012 3561 Pharsalus.’
2029 3512 2191 3556 where
2216 3511 2304 3556 the
2328 3517 2527 3557 contest
2552 3514 2645 3557 be-

1511 3580 1673 3620 tween
1698 3577 1874 3621 Caesar
1898 3580 1999 3621 and
2026 3579 2250 3632 Pompey
2276 3591 2378 3623 was
2404 3579 2643 3625 decided.

1576 3646 1653 3688 27.
1689 3644 1862 3689 nimis
1893 3654 2091 3699 urgeo:
2154 3646 2268 3690 ‘but
2304 3647 2327 3690 1
2358 3658 2442 3690 am
2475 3658 2646 3699 press-

1511 3711 1598 3761 ing
1615 3711 1719 3754 him
1738 3715 1824 3755 too
1843 3712 2004 3757 hard!
2058 3714 2137 3758 He
2155 3714 2347 3758 notices
2368 3714 2455 3758 the
2476 3715 2646 3766 agita-

1513 3776 1621 3821 tion
1658 3779 1839 3823 caused
1875 3780 1929 3824 ln
1967 3780 2163 3825 Tubero
2201 3781 2271 3832 by
2308 3780 2387 3824 his
2425 3781 2644 3834 pointed

1515 3845 1783 3897 questions,
1808 3847 1909 3890 and
1932 3848 2010 3891 tor
2032 3847 2119 3892 the
2142 3852 2367 3893 moment
2392 3847 2644 3895 sorbeam.
