2913 4338
288 291 403 353 174
896 292 976 346 IN
1031 290 1446 345 CATILINAM
1505 289 1790 344 ORATIO
1849 287 2155 354 QUARTA

379 467 581 531 simus
619 467 953 548 quondam
992 473 1061 531 et
1099 465 1538 531 nebilissimus
1576 466 1799 528 Perses
1837 462 2239 539 honestavit3
2280 461 2368 525 sit
2408 466 2684 525 aeterna

377 567 580 647 gleria
635 567 894 643 Marius
952 576 1067 647 qui
1117 567 1219 631 bis
1273 558 1539 630 Italiam
1593 564 1928 630 obsidiene
1980 570 2049 627 et
2104 570 2285 626 metu
2338 562 2683 626 servitutis

379 667 681 731 liberavit
690 687 707 744 ;
767 673 1207 747 antepenetur
1263 666 1566 730 omnibus
1626 665 1992 745 Pompeius,
2054 664 2236 727 cuius
2293 673 2393 726 res
2451 668 2679 741 gestae

284 785 346 827 20
380 773 580 847 atque
614 767 893 830 virtutes
924 766 1130 829 'isdem
1163 766 1400 846 quibus
1432 765 1585 828 selis
1618 784 1841 827 cursus
1872 764 2240 845 regienibus
2272 784 2347 827 ac
2381 763 2683 826 terminis

380 857 824 930 continentur:
846 866 969 930 erit
990 867 1283 946 profecte
1305 865 1476 929 inter
1496 865 1727 929 herum
1750 864 1974 927 laudes
1997 863 2242 945 aliquid
2263 863 2387 926 loci
2408 868 2678 927 nostrae

378 966 638 1046 gloriae,
685 966 808 1029 nisi
852 967 1020 1030 forte
1066 965 1274 1028 maius
1317 971 1418 1029 est
1461 965 1828 1045 patefacere
1873 964 2060 1027 nebis
2102 963 2488 1044 previncieS,
2536 972 2677 1043 que

379 1074 553 1128 exire
578 1074 918 1146 possimus,
946 1085 1145 1146 quam
1174 1075 1415 1140 curare,
1444 1069 1521 1127 ut
1545 1064 1745 1127 etiam
1793 1064 1903 1139 illi,
1931 1072 2046 1144 qui
2070 1064 2329 1139 absunt,
2358 1062 2672 1138 habeant,
2754 1084 2764 1093 ·

382 1175 515 1245 que
563 1164 841 1228 victeres
886 1171 1316 1228 revertantur.
1405 1164 1822 1245 Quamquam
1868 1169 1969 1227 est
2014 1172 2147 1226 sine
2191 1162 2333 1226 loce
2380 1162 2680 1226 condicie
2700 1165 2789 1224 22

285 1283 348 1324 25
385 1264 610 1328 melior
680 1272 988 1328 externae
1062 1263 1372 1327 victeriae
1444 1284 1645 1343 quam
1720 1263 2131 1338 domesticae,
2206 1261 2385 1343 quod
2456 1262 2685 1327 hostes

383 1364 782 1444 alienigenae
821 1370 938 1427 aut
974 1372 1262 1444 oppressi
1298 1362 1592 1427 serviunt
1631 1369 1748 1426 aut
1783 1370 2028 1443 recepti
2061 1361 2374 1427 beneficie
2411 1372 2480 1425 se
2515 1361 2685 1427 obli-

383 1470 574 1544 getes
617 1470 887 1544 putant;
933 1472 1047 1544 qui
1091 1470 1313 1527 autem
1357 1483 1439 1525 ex
1485 1472 1755 1526 numere
1799 1462 2039 1526 civium
2085 1462 2416 1526 dementia
2458 1461 2687 1542 aliqua

386 1563 731 1644 depravati
790 1563 1009 1627 hostes
1064 1563 1318 1644 patr-iae
1376 1562 1574 1625 semel
1631 1582 1769 1625 esse
1828 1569 2198 1643 coeperunt,
2258 1571 2370 1626 ees
2428 1582 2579 1625 cum
2640 1570 2686 1625 a

386 1663 668 1743 pernicie
711 1671 803 1724 rei
843 1662 1142 1744 publicae
1183 1662 1557 1743 reppuleris,
1603 1681 1721 1725 nec
1763 1670 1832 1723 vi
1876 1672 2163 1726 coercere
2204 1681 2323 1726 nec
2365 1661 2686 1726 beneficie

290 1779 354 1821 30
385 1761 645 1842 placere
699 1772 924 1844 possis
1013 1762 1228 1838 Quere
1285 1762 1442 1824 mihi
1500 1782 1650 1825 cum
1704 1762 1977 1843 perditis
2033 1762 2284 1826 civibus
2341 1769 2686 1826 aeternum

388 1861 630 1925 bellum
694 1869 1068 1942 susceptum
1130 1881 1267 1924 esse
1329 1861 1539 1924 videe.
1628 1861 1709 1924 Id
1769 1882 1887 1942 ego
1950 1868 2169 1924 vestre
2227 1864 2688 1942 bonerumque

384 1963 679 2025 omnium
717 1962 961 2025 auxilie
999 1961 1439 2041 memoriaque
1477 1967 1815 2024 tanterum
1851 1962 2302 2042 periculorum,
2341 1981 2510 2042 quae
2547 1971 2688 2024 nen

384 2062 581 2125 modo
616 2062 682 2123 in
725 2062 846 2125 hec
880 2061 1142 2143 popule,
1180 2069 1294 2141 qui
1326 2069 1627 2125 servatus
1660 2068 1779 2138 est,
1815 2062 1930 2124 sed
1962 2062 2029 2123 in
2065 2062 2355 2127 omnium
2389 2062 2691 2141 gentium

391 2163 800 2227 sermonibus
842 2184 915 2225 ac
958 2161 1288 2226 mentibus
1328 2181 1582 2243 semper
1622 2160 1933 2238 haerebit,
1978 2171 2019 2226 e.
2059 2172 2163 2226 me
2204 2167 2402 2243 atque
2445 2172 2486 2226 e.
2524 2173 2694 2227 meis

292 2278 356 2320 35
394 2260 584 2324 facile
641 2262 1003 2343 prepulseri
1059 2281 1247 2343 posse
1306 2262 1584 2323 censide.
1675 2262 1900 2342 Neque
1958 2261 2089 2324 nlla
2144 2262 2437 2342 profecte
2494 2268 2696 2324 tanta

394 2371 494 2424 vis
577 2361 949 2442 reperietur,
1035 2380 1203 2441 quae
1287 2361 1809 2424 coniunctienem
1892 2368 2178 2424 vestram
2261 2362 2697 2442 equitumque

389 2687 585 2730 Roman
681 2685 952 2738 triumphal
1045 2686 1322 2738 procession
1409 2690 1496 2732 the
1642 2690 1726 2733 24.
1765 2698 1883 2734 uno
1905 2688 2050 2734 loco}
2116 2689 2188 2732 ‘in
2213 2701 2307 2733 one
2330 2690 2543 2742 respect’
2591 2691 2697 2739 (for

386 2757 587 2808 captive
649 2755 768 2807 king
828 2765 883 2798 or
944 2755 1137 2806 general
1191 2754 1383 2798 walked
1442 2755 1495 2798 in
1580 2756 1667 2799 the
1706 2755 1920 2807 thought
1954 2757 2016 2800 cf.
2052 2756 2149 2800 111.
2185 2757 2265 2800 12.
2304 2758 2431 2806 1-4).

386 2823 558 2866 chains
612 2824 779 2867 before
827 2824 913 2867 the
960 2823 1149 2866 chariot
1179 2822 1232 2865 ot
1274 2822 1352 2865 his
1381 2832 1498 2864 con·
1645 2824 1719 2873 25,
1749 2825 1825 2866 26.
1860 2823 2137 2874 externae,
2167 2823 2530 2867 domesticae:
2568 2824 2695 2866 ‘vic-

388 2899 581 2940 queror.
1581 2893 1695 2942 tory
1726 2898 1844 2932 over
1875 2889 2061 2940 foreign
2092 2891 2304 2933 enemies
2335 2889 2458 2932 than
2489 2890 2693 2943 victory

456 2959 528 3001 18.
564 2955 765 3008 glorias
853 2956 953 3002 abl.
998 2960 1052 3003 ot
1096 2956 1308 3009 quality.
1384 2956 1496 3000 bin:
1581 2967 1699 2999 over
1752 2955 1855 2998 roes
1907 2960 1960 2998 at
2015 2954 2194 2999 home.’
2281 2956 2523 3009 oppressi
2579 2966 2695 3001 aer-

387 3024 458 3076 by
502 3023 756 3074 defeating
799 3023 886 3068 the
931 3027 1178 3070 Teutones
1222 3027 1274 3066 at
1322 3025 1496 3072 Aquae
1581 3024 1774 3067 viunt:
1840 3021 2002 3065 ‘when
2036 3024 2328 3073 conquered.
2363 3024 2564 3066 became
2596 3035 2694 3067 our

389 3091 587 3134 Sextiae
630 3091 681 3133 in
730 3092 832 3140 102.
877 3092 978 3135 and
1023 3091 1108 3134 the
1153 3090 1333 3134 Cimbri
1377 3100 1497 3132 near
1581 3088 1775 3133 slaves!
1857 3091 2090 3141 recepti:
2195 3089 2462 3134 'admitted
2512 3094 2568 3132 to
2620 3101 2694 3133 an

392 3156 636 3200 Vercellae
658 3157 708 3200 in
736 3159 840 3201 101.
898 3159 1208 3202 obsidione:
1254 3157 1495 3209 ‘military
1581 3157 1809 3200 alliance’
1842 3157 2032 3210 <recepti
2056 3157 2214 3208 socii).

389 3224 720 3276 occupation,’
748 3223 891 3266 when
918 3224 1038 3268 used
1066 3226 1117 3267 oi
1144 3235 1175 3267 a
1201 3228 1413 3275 country
1440 3235 1497 3266 as
1644 3226 1720 3267 30.
1757 3226 1955 3276 pontin
2010 3225 2085 3267 for
2126 3223 2274 3267 mood
2314 3224 2378 3267 ct.
2407 3225 2466 3267 A.
2497 3225 2604 3274 447.
2636 3226 2693 3272 2:

390 3290 520 3335 here.
1582 3291 1640 3335 B.
1665 3293 1769 3340 280.
1795 3294 1843 3341 2;
1866 3291 1930 3334 Η.
1954 3293 2066 3339 552:
2102 3291 2251 3334 H.-B.
2286 3293 2392 3341 517,
2420 3292 2462 3335 1.
2515 3291 2692 3335 mihi:

459 3359 529 3408 19,
576 3359 650 3401 20.
686 3358 847 3402 ouius
887 3367 992 3411 ron,
1036 3362 1152 3403 etc.:
1234 3357 1320 3400 the
1361 3367 1498 3399 same
1582 3360 1721 3401 case?
1779 3358 1847 3402 11.
1879 3359 1958 3401 12.
1987 3360 2032 3402 2.

391 3424 604 3476 thought
636 3424 687 3467 in
721 3425 817 3468 111.
851 3426 932 3470 11.
968 3427 1038 3476 13,
1077 3428 1151 3469 14.
1213 3423 1344 3469 tout
1376 3433 1499 3468 cur·
1645 3427 1719 3475 32,
1760 3426 1836 3467 33.
1871 3433 1989 3468 non
2029 3454 2043 3468 .
2085 3454 2100 3468 .
2141 3453 2156 3468 .
2193 3424 2362 3467 modo
2400 3453 2416 3468 .
2456 3453 2471 3467 .
2512 3452 2527 3468 .
2564 3424 2692 3468 aed:

390 3500 511 3536 tus:
574 3503 640 3534 sc.
673 3490 837 3536 what?
1582 3503 1660 3535 see
1702 3502 1767 3534 on
1811 3491 1882 3534 11.
1924 3492 1975 3534 4.
2020 3494 2094 3541 25,
2140 3491 2238 3534 and
2282 3492 2359 3533 for
2400 3489 2487 3534 the
2526 3491 2694 3535 whole

457 3561 530 3610 21,
569 3561 645 3602 22.
694 3557 827 3604 loci:
888 3560 1141 3612 partitive.
1208 3559 1489 3602 noctrao-
1582 3558 1795 3610 thought
1826 3559 1888 3602 ct.
1917 3559 2014 3601 111.
2046 3559 2125 3601 11.
2153 3559 2182 3601 8
2212 3558 2264 3600 ff.

391 3635 536 3668 meae.
608 3625 840 3677 gloriae:
919 3628 1105 3670 dative.
1177 3626 1286 3669 mni
1325 3623 1497 3668 torte:
1643 3628 1719 3675 36,
1780 3627 1856 3669 37.
1892 3625 2352 3669 coniunctionem
2414 3624 2689 3675 vostram..

392 3692 511 3736 used
548 3694 784 3745 precisely
820 3704 874 3736 as
908 3694 1010 3736 nisi
1044 3703 1148 3736 vero
1188 3694 1270 3742 (cf.
1308 3695 1357 3735 0.
1392 3692 1494 3741 36).
1581 3697 1696 3735 ete.:
1758 3692 1903 3745 ‘your
1961 3693 2112 3736 union
2168 3692 2288 3735 with
2345 3690 2432 3733 the
2490 3690 2694 3734 Roman

394 3761 603 3803 maluo:
670 3762 720 3803 ‘a
753 3766 943 3811 greater
975 3760 1110 3804 seat)
1175 3767 1312 3810 quo:
1373 3759 1498 3801 rela-
1582 3760 1805 3810 knights’
1834 3760 1916 3808 (cf.
1940 3762 1988 3803 ’1.
2012 3761 2114 3811 22).
2186 3757 2694 3810 conspirationem:

393 3825 497 3871 tive
520 3826 835 3869 adverb==cd
856 3837 991 3876 quas:
1039 3826 1173 3869 what
1197 3828 1238 3868 is
1261 3827 1301 3868 it
1326 3826 1497 3874 equiv-
1581 3837 1610 3868 a
1641 3837 1727 3869 vox
1756 3827 1932 3873 media:
1963 3837 2040 3869 see
2071 3837 2136 3870 on
2167 3829 2215 3869 ὅ.
2247 3827 2324 3869 35.
2388 3824 2448 3867 In
2480 3826 2610 3876 good
2635 3836 2696 3868 or

394 3893 605 3936 alent-to
618 3892 772 3930 below
791 3893 839 3930 ὕει
863 3892 876 3922 ῑ
900 3895 959 3931 24
980 3894 1047 3931 (ct
1078 3893 1238 3931 aliano
1258 3892 1301 3930 1-
1316 3894 1364 3932 ⁶1.
1383 3893 1497 3933 91³?
1582 3893 1678 3930 {md
1715 3903 1852 3928 nonno
1886 3893 2027 3928 heau-o?
