2913 4338
278 249 393 312 182
1019 251 1120 305 DE
1148 251 1500 310 .1MP1⁴:R10
1556 252 1673 307 CN.
1730 252 2014 307 POMPEI

372 425 777 489 inflammare
835 425 920 488 ad
976 425 1404 505 persequendi
1461 425 1753 489 studium
1812 426 2075 504 debeam
2134 427 2202 490 in
2259 439 2393 509 quo
2453 430 2670 511 agitur

367 525 595 607 populi
636 525 918 587 Romani
956 523 1176 603 gloria,
1221 543 1389 604 quae
1429 526 1617 587 vobis
1657 534 1698 588 a
1736 525 2089 589 maioribus
2129 547 2277 589 cum
2320 548 2559 607 magna
2598 530 2661 591 in

368 623 672 687 omnibus
714 624 924 698 rebuS,
972 631 1115 686 tum
1159 643 1416 686 summa
1458 623 1527 685 in
1569 633 1638 686 re
1681 624 1947 687 militari
1989 625 2236 688 tradita
2278 633 2405 703 θείη
2451 628 2668 709 agitur

269 741 336 784 25
370 723 545 786 salsis
578 722 896 786 sociorum
935 728 1132 802 atque
1167 732 1543 798 amicorum,
1580 733 1699 803 pro
1733 733 1866 803 qua
1900 723 2109 787 multa
2155 724 2431 789 maior&
2465 734 2667 790 vestri

370 843 607 903 magna
657 829 727 885 et
777 822 1002 902 gravia
1053 821 1221 885 bella
1273 829 1635 901 gesserunt3
1691 830 1973 901 aguntur
2026 824 2384 888 certissima
2433 827 2663 907 populi

368 923 652 986 Romani
697 921 1038 1001 vectigalia
1084 930 1151 985 et
1197 922 1505 997 maxima,
1555 922 1797 1001 quibus
1844 923 2095 985 amissis
2140 931 2207 986 et
2252 925 2432 1005 pacis
2480 937 2669 990 orna-

368 1029 595 1085 menta
647 1028 739 1095 et,
778 1021 1067 1085 subsidia
1127 1021 1278 1084 belli
1332 1021 1673 1101 requiretis
1682 1041 1698 1097 ς
1757 1030 2040 1101 aguntur
2095 1024 2269 1086 bona
2306 1025 2666 1089 multorum

368 1123 629 1198 civium,
660 1121 899 1202 quibus
925 1127 1025 1183 est
1054 1130 1094 1183 a
1120 1122 1308 1184 vobis
1334 1127 1403 1183 et
1431 1120 1719 1200 ipsorum
1747 1127 1816 1183 et
1844 1131 1934 1183 rei
1959 1122 2259 1201 publicae
2288 1134 2487 1187 causa
2515 1135 2668 1189 con-

267 1238 336 1283 so
366 1222 729 1285 sulendum.

447 1322 515 1387 3.
562 1323 652 1384 Et
703 1321 1011 1402 quoniam
1066 1340 1317 1401 semper
1369 1326 1755 1401 appetentes
1806 1321 2045 1398 gloriae
2098 1330 2355 1401 praeter
2408 1330 2660 1388 ceteras
2682 1327 2728 1387 7

366 1430 592 1503 gentes
627 1428 828 1502 atque
864 1421 1042 1483 avidi
1077 1420 1287 1482 laudis
1322 1419 1559 1495 fuistiS,
1600 1419 1872 1482 delenda
1907 1427 2007 1484 est
2043 1422 2230 1485 vobis
2263 1422 2372 1485 illa
2409 1425 2669 1488 macula

370 1521 813 1584 Mithridatico
843 1520 1012 1584 bello
1042 1518 1366 1599 superiore
1399 1525 1733 1598 concepta,
1768 1540 1937 1599 quae
1967 1521 2231 1600 penitus
2262 1522 2393 1584 iam
2425 1524 2668 1587 insedit

369 1642 446 1685 ac
473 1621 665 1683 nimis
691 1619 1085 1682 inveteravit
1112 1619 1178 1680 in
1205 1618 1430 1699 populi
1460 1619 1743 1682 Romani
1770 1618 2050 1695 nomine,
2082 1621 2259 1700 quod
2287 1622 2359 1697 is,
2391 1632 2505 1702 qui
2532 1632 2670 1687 sino

301 1737 337 1782 5
369 1721 476 1784 die
511 1726 658 1783 tota
690 1720 758 1781 in
793 1720 948 1782 Asia
982 1725 1086 1782 tot
1120 1719 1188 1780 in
1223 1718 1603 1782 civitatibus
1637 1727 1769 1781 sino
1803 1720 2037 1782 nuntio
2072 1726 2271 1800 atque
2306 1730 2439 1784 sina
2473 1723 2670 1802 signi-

367 1821 674 1883 ficatione
713 1820 1079 1882 litterarum
1121 1828 1292 1881 cives
1333 1818 1667 1880 Romanos
1706 1828 1930 1882 omnes
1970 1820 2295 1882 necandos
2335 1822 2670 1884 trucidan-

367 1920 616 2001 dosque
646 1920 1006 1995 denotavit,
1040 1927 1171 1980 non
1200 1918 1394 1981 modo
1425 1918 1638 1981 adhuc
1664 1938 1946 1998 poenam
1977 1919 2222 2000 nnllam
2250 1930 2369 1982 suo
2400 1921 2668 2000 dignam

370 2021 604 2084 scelere
645 2020 947 2100 suscepit,
985 2018 1099 2081 sed
1152 2019 1234 2081 ab
1286 2018 1397 2079 isso
1447 2023 1741 2098 tempore
1793 2009 2039 2080 annum
2091 2018 2222 2081 iam
2274 2020 2544 2082 tertium
2598 2028 2671 2086 et

373 2120 751 2185 vicesimum
788 2124 1033 2199 regnat,
1072 2124 1140 2181 et
1175 2116 1270 2179 ita
1304 2121 1554 2208 regnat,
1595 2123 1670 2180 ut
1705 2127 1774 2180 se
1809 2127 1939 2181 non
1963 2118 2161 2182 Ponti
2188 2138 2396 2200 neque
2418 2122 2677 2202 Cappa-

275 2241 339 2283 ιο
373 2222 594 2287 dociae
640 2221 904 2283 latebris
951 2218 1275 2283 occultare
1325 2215 1486 2278 velit
1535 2218 1648 2280 sed
1708 2227 2027 2297 emergere
2076 2239 2156 2281 ex
2201 2220 2420 2301 patrio
2466 2231 2669 2300 regno

371 2328 573 2401 atque
622 2321 687 2382 in
738 2327 970 2382 vestris
1020 2317 1464 2398 vectigalibUS,
1516 2318 1637 2380 hoc
1689 2324 1790 2380 est
1838 2317 1904 2377 in
1954 2317 2145 2380 Asiae
2194 2318 2353 2394 luce,
2406 2330 2672 2384 versari.

371 2516 426 2556 to
447 2511 569 2554 belli.
623 2509 1012 2562 persequendi:
1052 2519 1118 2553 sc.
1141 2508 1261 2557 belli,
1289 2507 1473 2559 ‘prose-

371 2584 485 2621 cute
513 2584 566 2620 to
593 2589 623 2620 a
652 2577 916 2619 victorious
942 2575 1071 2618 end.’
1131 2576 1194 2619 in
1220 2582 1335 2626 quo
1365 2604 1379 2617 .
1411 2603 1425 2618 .
1458 2603 1472 2617 .

371 2644 689 2696 cesserunt:
737 2643 900 2686 Cicero
923 2641 1124 2694 appeals
1149 2645 1202 2685 to
1227 2640 1312 2684 the
1336 2640 1475 2693 pride

371 2710 471 2754 and
500 2709 656 2753 honor
684 2710 737 2752 of
765 2708 851 2752 the
879 2708 1067 2761 people.

438 2779 605 2820 26—29.
642 2776 795 2819 These
821 2774 944 2818 lines
973 2775 1174 2818 contain
1203 2785 1269 2817 an
1298 2772 1476 2825 appeal

371 2848 426 2888 to
454 2843 580 2887 their
606 2854 744 2887 sense
770 2843 823 2884 of
848 2841 1166 2893 expediency.
1228 2840 1330 2884 The
1357 2851 1476 2883 ana-

370 2911 527 2964 phora
564 2911 661 2959 (see
693 2920 758 2952 on
793 2909 834 2953 Ι.
871 2910 918 2952 1.
952 2909 1004 2958 3)
1038 2908 1091 2950 in
1123 2907 1293 2959 afflur,
1327 2905 1361 2950 1.
1397 2909 1473 2956 22,

370 2977 542 3029 coitur,
562 2977 594 3020 l.
616 2979 690 3026 24,
712 2977 930 3028 amantur.
951 2974 984 3018 l.
1006 2977 1080 3023 26.
1102 2975 1322 3026 aountur,
1341 2973 1376 3016 l.
1398 2975 1472 3022 28.

370 3054 535 3087 serves
561 3048 614 3087 to
640 3044 834 3086 enforce
860 3042 983 3085 both
1010 3040 1227 3093 appeals.
1288 3040 1476 3083 certis-

368 3111 541 3155 sima:
603 3111 756 3153 ‘sure'
795 3112 901 3159 (not
936 3108 1149 3158 ‘fixed'),
1185 3108 1392 3150 because
1423 3107 1475 3148 of

371 3177 458 3221 the
501 3177 706 3229 fertility
749 3177 801 3219 of
843 3175 928 3219 the
970 3174 1203 3227 province
1246 3175 1298 3216 os
1341 3174 1473 3216 Asia.

371 3245 731 3288 ornamenta:
776 3242 1087 3293 ‘requisites,’
1108 3242 1203 3292 Le..
1228 3252 1398 3284 means
1420 3245 1474 3283 to

294 3320 297 3323 ·
370 3311 577 3364 provide
615 3312 690 3354 for
728 3310 813 3353 the
851 3309 1000 3353 needs
1038 3309 1090 3351 of
1129 3308 1215 3352 the
1253 3312 1384 3351 state
1422 3307 1474 3349 in

371 3377 494 3421 time
545 3377 597 3419 of
656 3388 819 3428 peace.
905 3385 938 3419 a
991 3375 1172 3418 vobit:
1256 3374 1476 3418 ablative

370 3444 426 3486 of
487 3447 633 3494 agent
685 3442 805 3486 with
861 3443 1128 3493 gerundive
1178 3441 1373 3485 instead
1423 3441 1476 3484 of

371 3509 558 3560 dative.
609 3514 662 3552 to
709 3509 855 3552 avoid
900 3509 1178 3561 ambiguity
1224 3507 1345 3551 with
1389 3519 1477 3551 an-

371 3576 517 3620 other
575 3577 756 3626 dative.
822 3577 1006 3628 quibus,
1086 3575 1331 3626 governed
1406 3575 1476 3626 ογ

373 3643 461 3688 the
542 3642 823 3694 gerundive.
923 3642 1039 3686 This
1122 3653 1206 3685 use
1270 3642 1322 3684 of
1384 3641 1476 3684 ‘the

373 3709 593 3754 ablative
635 3710 687 3752 of
746 3713 892 3760 agent
953 3709 995 3750 is
1059 3719 1287 3751 common
1351 3718 1475 3751 even

375 3776 534 3821 where
560 3780 659 3820 two
686 3775 879 3819 datives
906 3775 1063 3818 would
1098 3785 1243 3817 cause
1276 3785 1340 3816 no
1373 3784 1480 3816 am-

375 3842 582 3896 biguity.

1625 2503 1678 2557 3.
1719 2507 1815 2552 The
1857 2508 1958 2560 first
2001 2509 2296 2553 subdivision
2341 2510 2389 2561 ot
2431 2511 2505 2555 the
2542 2511 2675 2564 topic

1562 2586 1714 2625 genus
1737 2575 1913 2618 belli—
1922 2575 2016 2618 The
2036 2577 2168 2627 aloru
2189 2576 2237 2627 ot
2258 2577 2331 2620 me
2353 2577 2539 2621 Roman
2561 2590 2675 2630 peo-

1562 2641 1638 2693 ple
1660 2642 1705 2684 2⁶8
1726 2642 1775 2685 at
1795 2641 1939 2691 stake,
1968 2643 2022 2693 §5
2057 2644 2193 2686 7-11.

1629 2710 1732 2752 1-6.
1768 2709 2011 2760 praeter:
2118 2710 2274 2754 ‘more
2328 2710 2484 2754 than.’

1563 2774 1810 2819 macula:
1875 2774 2136 2827 explained
2170 2776 2237 2828 by
2270 2778 2392 2828 quod
2426 2809 2438 2821 .
2474 2808 2487 2821 .

1562 2841 1677 2891 sori,
1735 2841 1787 2885 ll.
1847 2844 1986 2885 4-11.

1562 2909 1867 2959 superiore:
1923 2908 2031 2952 ‘the
2055 2908 2152 2952 last
2183 2909 2487 2953 Mithridatio
2515 2912 2671 2962 War.’

1561 2974 1654 3025 i.e.‚
1694 2973 1781 3017 the
1820 2975 1946 3018 First
1985 2975 2289 3019 Mithridatic
2328 2978 2462 3025 War:
2500 2978 2670 3021 Cicero

1562 3040 1679 3083 does
1720 3044 1808 3083 not
1851 3042 1969 3085 take
2012 3042 2256 3085 Murena’s
2297 3053 2397 3085 war
2437 3043 2544 3087 into
2587 3055 2671 3088 ac-

2567 2711 2673 2756 ma

2523 2810 2536 2822 .
2570 2790 2674 2822 ver-

2078 2842 2465 2887 Mlthrldatico
2522 2845 2673 2890 bello

1562 3110 1729 3150 count.
1794 3108 1968 3160 quod:
2032 3108 2200 3152 ‘that.'
2264 3110 2387 3152 tota
2416 3110 2479 3153 in
2511 3110 2669 3155 Asia:

1561 3175 1755 3217 instead
1797 3176 1850 3217 of
1890 3176 1984 3218 tota
2027 3174 2164 3225 Asia,
2210 3176 2286 3218 for
2327 3175 2412 3219 the
2454 3177 2572 3220 sake
2616 3177 2670 3220 of

1561 3245 1835 3293 symmetry
1854 3242 1974 3284 with
1993 3243 2055 3284 tot
2072 3243 2128 3285 in
2145 3243 2429 3287 civitatibus.
2467 3245 2668 3296 atquo:

1560 3308 1610 3350 in
1660 3308 1726 3351 its
1774 3308 2101 3360 explanatory
2150 3320 2250 3357 use.
2306 3309 2437 3352 ‘that
2488 3310 2564 3359 is?
2619 3310 2667 3354 ‘1

1562 3375 1741 3418 mean)
1838 3375 2252 3426 significatione
2316 3374 2668 3421 littei-amma

1564 3441 1740 3492 ‘signal
1766 3441 1818 3484 in
1845 3442 2072 3493 writing.’
2103 3442 2321 3485 ‘written
2346 3441 2538 3492 signal!

1623 3508 1764 3552 8-11.
1798 3508 2060 3559 suscepit,
2087 3508 2312 3560 regnat:
2360 3508 2445 3551 the
2469 3509 2665 3560 subject

1562 3575 1604 3616 is
1631 3575 1691 3625 is,
1722 3573 1756 3617 1.
1790 3577 1833 3619 4.
1896 3582 2102 3626 neque:
2165 3577 2276 3617 ‘nor
2305 3576 2462 3624 even.'
2494 3576 2667 3619 makes

1566 3640 1897 3692 Cappadociae
1931 3650 2066 3684 more
2104 3642 2381 3692 prominent
2420 3641 2545 3684 than
2582 3642 2668 3685 aut

1563 3706 1741 3750 would.
1810 3706 2119 3759 Cappadocia
2154 3707 2240 3750 did
2275 3711 2362 3750 not
2399 3708 2578 3760 belong
2612 3713 2668 3752 to

1566 3773 1874 3817 Mithridates
1900 3777 1953 3816 at
1981 3785 2080 3825 any
2107 3773 2226 3816 time
2252 3779 2427 3825 except
2456 3775 2525 3826 ογ
2551 3785 2666 3818 con-

1565 3843 1723 3889 quest.
1783 3839 2176 3891 vecugauhus:
2228 3841 2360 3883 asin
2386 3843 2437 3884 2.
2468 3843 2543 3884 12.
2600 3842 2665 3887 ln
