2913 4338
344 256 375 315 4
395 256 466 317 16
1211 256 1515 310 BELLUM
1556 256 1965 312 CATILINAE

441 428 677 491 Omnia
704 427 876 491 mala
902 427 1200 508 exempla
1225 447 1308 490 ex
1342 429 1535 491 rebus
1561 429 1749 492 bonis
1774 434 1921 492 orta
1947 435 2122 492 sunt.
2213 428 2339 492 Sed
2378 429 2484 492 ubi
2518 428 2686 508 impe-

443 529 609 590 rium
643 528 727 590 ad
775 528 1029 607 ignaros
1075 528 1213 590 eius
1260 535 1376 591 aut
1423 529 1639 591 minus
1683 530 1891 591 bonos
1935 529 2255 609 pervenit,
2286 548 2517 591 novom
2558 528 2693 590 illud

441 628 810 707 exemplum
864 628 946 690 ab
1002 626 1210 705 dignis
1259 634 1328 690 et
1379 627 1627 690 idoneis
1680 628 1764 691 ad
1817 628 2115 706 indignos
2166 634 2236 691 et
2286 638 2418 689 non
2466 627 2695 690 idoneos

347 747 410 791 75
443 727 852 791 transfertur.
942 727 1434 791 Lacedaemonii
1519 727 1793 790 devictis
1838 791 1846 800 ,
1877 727 2381 791 Atheniensibus
2461 727 2696 806 triginta

444 828 617 890 viros
646 828 1002 907 inposuere,
1033 836 1147 908 qui
1172 847 1308 889 rem
1335 826 1665 907 publicam
1693 837 1915 889 eorum
1945 833 2326 890 tractarent.
2415 828 2492 889 Ei
2515 836 2696 907 primo

444 937 707 1007 coepere
738 947 1113 1008 pessumum
1146 947 1470 1008 quemque
1509 934 1577 990 et
1615 928 1918 990 omnibus
1957 927 2240 990 invisum
2280 926 2693 989 indemnatum

442 1037 697 1090 necare:
740 1048 818 1090 ea
870 1027 1151 1107 populus
1204 1026 1434 1089 laetari
1488 1033 1557 1089 et
1610 1027 1845 1090 merito
1900 1028 2109 1089 dicere
2163 1027 2319 1088 fieri.
2408 1028 2555 1090 Post
2601 1026 2697 1089 ubi

442 1128 760 1209 paulatim
793 1126 1057 1189 licentia
1089 1126 1313 1202 crevit,
1350 1126 1538 1189 iuxta
1569 1128 1775 1190 bonos
1807 1132 1875 1189 et
1908 1125 2113 1189 malos
2144 1126 2503 1190 lubidinose
2532 1127 2698 1188 inter-

344 1246 411 1292 so
443 1217 648 1303 ficere,
714 1232 960 1290 ceteros
1021 1233 1202 1288 metu
1263 1232 1530 1288 terrere:
1581 1226 1674 1289 ita
1744 1227 1977 1289 civitas
2043 1227 2362 1289 servitute
2428 1228 2698 1306 obpressa

442 1327 686 1390 stultae
726 1325 1015 1389 laetitiae
1055 1335 1270 1405 gravis
1310 1336 1554 1406 poenas
1596 1326 1796 1389 dedit.
1887 1327 1945 1387 N
1950 1333 2128 1389 ostra
2169 1326 2480 1390 memoria
2518 1326 2697 1388 victor

444 1427 792 1491 Sullacum
819 1426 1292 1505 Damasippum
1318 1432 1386 1488 et
1412 1426 1571 1489 alios
1595 1426 1732 1489 eius
1758 1426 1953 1502 moffl,
1984 1436 2097 1506 qui
2122 1426 2296 1489 malo
2320 1435 2412 1489 rei
2434 1425 2697 1506 publicae

444 1532 800 1602 creverant,
863 1525 1138 1604 iugulari
1198 1525 1403 1602 iussit,
1469 1526 1614 1606 quis
1674 1536 1809 1588 non
1868 1526 2118 1589 factum
2180 1526 2319 1589 eius
2379 1525 2698 1589 laudabat?

443 1627 735 1691 homines
778 1626 1080 1689 scelestos
1121 1631 1189 1688 et
1232 1625 1556 1701 factiosoS,
1603 1635 1716 1706 qui
1757 1625 2184 1689 seditionibus
2224 1646 2362 1689 rem
2404 1624 2693 1706 publicam

346 1747 412 1792 85
443 1728 955 1806 exagitaverant,
1014 1725 1245 1788 merito
1299 1731 1565 1788 necatos
1620 1725 1902 1790 aiebant.
1992 1726 2117 1789 Sed
2171 1746 2249 1789 ea
2303 1736 2405 1789 res
2458 1744 2695 1805 magnae

444 1827 701 1890 initium
726 1825 925 1889 cladis
953 1826 1096 1888 fuit.
1186 1825 1355 1888 Nam
1375 1831 1477 1888 uti
1509 1825 1782 1906 quisque
1830 1826 2098 1889 domum
2147 1832 2265 1889 aut
2299 1825 2535 1901 villam,
2577 1844 2696 1903 pos-

443 1934 652 1990 tremo
666 1936 783 1989 vas
807 1932 925 1989 aut
946 1931 1410 1988 vestimentum
1435 1925 1704 1988 alicuius
1719 1932 2199 2005 concupiverat,
2219 1926 2424 1989 dabat
2447 1944 2692 2006 operam,

445 2033 519 2090 ut
563 2027 618 2089 is
659 2027 728 2088 in
767 2031 1273 2107 proscriptorum
1318 2035 1589 2088 numero
1631 2032 1818 2088 esset.
1908 2027 2015 2088 Ita
2058 2026 2167 2100 illi,
2215 2026 2451 2105 quibus
2495 2027 2695 2087 Dama-

441 2127 612 2208 sippi
648 2146 821 2191 mors
856 2125 1145 2190 laetitiae
1182 2125 1412 2203 fuerat,
1452 2125 1650 2205 paulo
1685 2132 1837 2207 post
1873 2125 1996 2206 ipsi
2032 2126 2481 2202 trahebantur,
2519 2141 2694 2204 neque

347 2247 410 2293 οο
441 2228 621 2308 prius
641 2227 789 2289 finis
808 2226 1143 2306 iugulandi
1164 2226 1308 2302 fuit,
1333 2246 1532 2306 quam
1546 2227 1733 2289 ‘Sulla
1754 2236 1964 2289 omnis
1985 2236 2135 2289 suos
2158 2226 2405 2288 divitiis
2426 2223 2694 2305 explevit.

447 2328 661 2407 Atque
692 2347 810 2406 ego
845 2327 1001 2389 haec
1037 2335 1169 2387 non
1201 2325 1269 2386 in
1303 2326 1387 2387 M.
1424 2325 1636 2389 Tullio
1670 2345 1879 2406 neque
1914 2326 2013 2388 his
2046 2326 2452 2405 temporibus
2483 2343 2690 2397 vereor,

441 2427 554 2488 sed
585 2427 652 2487 in
683 2435 920 2505 magna
950 2425 1217 2488 civitate
1248 2424 1458 2487 multa
1487 2431 1555 2487 et
1586 2425 1767 2488 varia
1797 2426 2052 2505 ingenia
2081 2431 2254 2488 sunt.
2347 2425 2566 2487 Potest
2594 2422 2693 2485 alio

2459 2710 2549 2754 less
2597 2708 2693 2751 that

440 2713 648 2757 accused
675 2717 728 2756 at
757 2724 891 2757 some
919 2714 1084 2757 future
1111 2714 1230 2756 time
1257 2714 1397 2756 when
1424 2724 1535 2756 men
1695 2714 1772 2757 81.
1807 2714 1998 2756 nostra
2055 2711 2350 2755 memoria:

438 2780 534 2824 less
560 2781 673 2823 wise
699 2780 797 2823 and
825 2781 1180 2823 conscientious
1207 2779 1370 2823 would
1398 2780 1461 2823 be
1486 2781 1537 2823 in

439 2847 712 2898 authority.

506 2916 580 2958 732
615 2914 757 2957 eius:
826 2913 1041 2965 imperii:
1077 2914 1162 2956 the
1195 2913 1425 2957 reflexive
1459 2913 1539 2957 sui

441 2981 603 3024 would
630 2981 756 3023 have
783 2980 904 3023 been
931 2980 1237 3030 ambiguous,

506 3050 578 3097 75,
608 3049 682 3091 76.
718 3046 1135 3090 Lacedaemonii
1284 3075 1296 3085 .
1434 3046 1540 3090 un-

439 3122 694 3168 pauore.
745 3114 797 3156 in
825 3116 915 3156 404
942 3113 1082 3156 when
1109 3112 1236 3156 their
1261 3113 1455 3165 victory
1482 3116 1536 3157 at

441 3180 788 3232 Aegospotami
840 3179 985 3223 made
1037 3180 1174 3223 them
1224 3184 1433 3223 masters
1485 3179 1538 3222 oi

441 3247 634 3292 Greece.
698 3247 800 3291 The
831 3247 1101 3290 Atheniens
1133 3257 1257 3290 were
1287 3247 1451 3290 forced
1483 3250 1538 3290 to

438 3319 609 3367 accept
648 3314 735 3358 the
770 3314 874 3358 rule
911 3315 962 3356 oi
1000 3313 1159 3365 thirty
1190 3315 1240 3356 ot
1266 3314 1387 3356 their
1426 3324 1535 3356 own

440 3381 640 3425 citizens
684 3381 793 3424 who
838 3392 961 3424 were
1005 3382 1057 3424 in
1102 3382 1369 3434 sympathy
1416 3381 1535 3424 with

440 3448 858 3501 Sparta—known
881 3450 932 3493 in
956 3450 1146 3503 history
1169 3462 1223 3494 as
1270 3450 1355 3493 the
1377 3450 1536 3502 thirty

439 3516 669 3568 tyrants!
728 3517 1061 3561 tractarent·
1117 3517 1378 3569 ‘manage'

505 3585 581 3627 77.
613 3584 925 3635 pessimum
943 3610 958 3626 .
986 3608 1008 3624 .
1060 3584 1336 3629 invisunt
1354 3583 1519 3628 whose

440 3649 564 3701 gunt
603 3661 703 3693 was
741 3654 829 3694 not
872 3651 1175 3701 questioned.
1245 3651 1538 3695 indemna-

440 3717 595 3762 tum:
641 3718 848 3761 without
876 3719 1004 3762 trial.

505 3785 579 3833 78.
603 3785 679 3827 79.
728 3792 814 3830 ea:
841 3784 1029 3834 subject
1050 3784 1101 3826 ot
1119 3785 1236 3834 neri,
1258 3785 1415 3827 which
1435 3793 1539 3828 also

437 3848 481 3894 is
504 3849 734 3894 modified
763 3850 829 3901 by
859 3851 1037 3894 merito.
1075 3852 1256 3896 iuxta..
1281 3851 1458 3895 ’alike.'

1633 2783 1820 2831 twenty
1852 2790 1992 2831 years
2019 2779 2197 2822 before.

1694 2848 1772 2890 82.
1806 2846 2237 2896 Dama-innunt
2285 2855 2315 2887 a
2340 2854 2563 2887 sumame
2583 2841 2697 2885 011).

1634 2913 1808 2956 Junius
1837 2912 2021 2955 Brutus
2055 2915 2269 2963 (praetor
2297 2912 2399 2960 82),
2430 2910 2535 2952 who
2561 2909 2604 2951 in
2629 2908 2698 2950 the

1636 2978 1978 3022 Mario-Sullan
2042 2977 2256 3028 struggle
2319 2975 2617 3029 perpetrated
2669 2985 2695 3016 a

1632 3056 1874 3088 massacre
1908 3047 1960 3088 oi
1995 3048 2230 3088 senatorS.
2301 3044 2450 3095 When
2491 3039 2692 3093 captured

1633 3112 1701 3164 by
1720 3112 1852 3155 Sulla
1872 3112 1934 3155 he
1952 3123 2051 3154 was
2068 3115 2368 3164 summat-ily
2381 3116 2473 3165 put
2492 3117 2542 3156 to
2552 3111 2694 3155 death.

1634 3178 1785 3222 malo
1813 3209 1827 3223 .
1855 3208 1869 3223 .
1898 3209 1913 3222 .
1937 3178 2249 3221 creverant:
2325 3179 2423 3223 had
2446 3176 2621 3220 thriven
2640 3182 2694 3214 ou

1632 3246 1759 3289 their
1785 3245 2035 3297 country's
2063 3245 2161 3287 ills'
2196 3245 2275 3289 (cf.
2304 3245 2335 3287 ll
2386 3246 2454 3290 ll.
2489 3245 2576 3292 12).

1694 3314 1770 3356 86.
1807 3312 2060 3364 domum,
2101 3310 2321 3355 villam=
2389 3319 2516 3360 large
2548 3307 2687 3360 prlzes.

1632 3380 1789 3423 which
1824 3380 1979 3432 might
2017 3378 2168 3431 easily
2204 3381 2386 3430 temptz
2420 3376 2506 3419 but
2538 3378 2584 3419 at
2612 3372 2688 3415 last

1639 3451 1907 3502 (postremo)
1943 3460 2057 3492 men
2090 3447 2190 3491 had
2225 3445 2352 3489 their
2385 3443 2556 3488 tellows
2584 3447 2687 3482 mur-

1632 3517 1776 3561 dered
1816 3518 1892 3559 tor
1927 3516 2047 3559 such
2084 3515 2236 3558 trifles
2271 3524 2327 3556 as
2361 3521 2442 3555 vas
2474 3509 2550 3552 aut
2579 3503 2686 3550 vedi-

1631 3586 1853 3628 mentum.

1694 3653 1770 3695 90.
1806 3651 1956 3695 suu».
2000 3679 2016 3696 .
2060 3680 2075 3694 .
2121 3677 2136 3694 .
2176 3646 2439 3700 explevit:
2492 3636 2683 3691 mayn!

1633 3718 1807 3761 Sulla's
1863 3717 2146 3769 supportem
2200 3725 2325 3758 were
2378 3706 2582 3756 enriched
2629 3704 2680 3754 hy

1632 3785 1781 3837 spoils
1808 3785 1934 3827 from
1962 3782 2279 3826 confiscation
2320 3780 2372 3823 oi
2408 3777 2527 3822 their
2561 3780 2675 3823 oppo-

1584 3860 1591 3894 ι
1632 3851 1792 3894 nents’
1816 3854 2067 3904 property.
