2913 4338
301 289 423 351 220
1053 289 1156 343 DE
1214 275 1568 344 IMPERIO‘
1591 286 1708 344 oN.
1767 286 2050 342 POMPEI

399 466 737 548 praeditus
746 486 762 543 ;
809 471 911 529 est
958 466 1071 529 Cn.
1124 464 1460 540 Lentulus,
1556 462 1625 525 in
1674 472 1806 543 quo
1851 471 2079 526 omnes
2123 469 2245 541 pro
2293 458 2718 540 amplissimis

403 573 638 630 vestris
696 565 1052 629 honoribus
1109 583 1440 627 summum
1502 563 1860 638 consilium,
1925 580 2254 624 summam
2314 558 2714 638 gravitatem

402 686 541 729 esse
577 663 977 744 cognovistis
985 684 1003 741 ;
1038 669 1140 727 est
1174 664 1242 727 C.
1281 663 1559 739 Cassius,
1597 662 1994 741 integritate,
2033 661 2300 735 virtute,
2339 659 2714 722 constantia

306 782 373 828 30
406 765 732 845 singulari.
820 764 1036 840 Quare
1062 763 1300 838 videte,
1330 763 1563 826 horum
1592 761 2097 826 auctoritatibus
2121 759 2379 821 illorum
2408 758 2707 835 orationi,

405 874 521 947 qui
551 863 965 940 dissentiunt,
998 862 1469 943 responderene
1496 881 1685 943 posse
1715 860 2073 941 videamur.

484 964 594 1029 24.
641 965 825 1042 Quae
872 983 1022 1026 cum
1070 962 1166 1026 ita
1211 962 1363 1037 sint,
1414 963 1484 1025 C.
1537 961 1779 1036 Manili,
1828 970 2114 1042 primum
2160 959 2357 1023 istam
2406 964 2595 1022 tuam
2642 965 2711 1023 et
2727 961 2825 1021 69

404 1066 610 1145 legem
654 1070 724 1128 et
767 1062 1179 1127 voluntatem
1223 1069 1293 1125 et
1335 1061 1730 1125 sententiam
1773 1060 1972 1124 laudo
2014 1058 2712 1139 vehementissimeque

407 1166 786 1246 comprob63
806 1162 1049 1226 deinde
1076 1169 1144 1227 te
1171 1163 1413 1239 hortor,
1443 1168 1524 1225 ut
1551 1167 1816 1224 auctore
1842 1160 2087 1242 populo
2115 1160 2418 1223 Romano
2447 1172 2713 1225 maneas

404 1267 474 1327 in
505 1265 834 1328 sententia
864 1273 1029 1327 neve
1063 1263 1445 1343 cuiusquam
1481 1261 1617 1324 vim
1652 1267 1770 1324 aut
1803 1261 2014 1323 minas
2044 1262 2485 1341 pertimescas.
2576 1264 2715 1325 Pri-

341 1384 372 1426 5
405 1385 587 1428 mum
621 1365 690 1426 in
723 1370 792 1427 te
824 1364 985 1426 satis
1018 1382 1155 1426 esse
1191 1347 1391 1426 an'imi
1422 1361 2075 1443 perseverantiaeque
2110 1362 2417 1439 arbitror;
2454 1362 2708 1439 deinde,

407 1486 554 1528 cum
591 1470 851 1527 tantam
888 1462 1377 1525 multitudinem
1414 1483 1565 1525 cum
1601 1468 1793 1526 tanto
1829 1462 2050 1526 studio
2088 1461 2310 1525 adesse
2349 1464 2711 1539 videamuS,

403 1570 722 1645 quantam
758 1563 995 1626 iterum
1032 1583 1203 1625 nunc
1239 1561 1309 1624 in
1343 1562 1573 1625 eodem
1608 1560 1870 1624 homine
1922 1563 2356 1644 praeficiendo
2391 1563 2712 1639 videmuS,

404 1664 564 1744 quid
591 1668 709 1739 est,
740 1663 920 1743 quod
948 1667 1066 1724 aut
1094 1662 1176 1726 de
1200 1672 1269 1725 re
1297 1667 1415 1725 aut
1442 1662 1524 1727 de
1550 1663 1923 1742 perficiendi
1949 1663 2266 1727 facultate
2295 1663 2714 1727 dubitemus?

408 1766 546 1843 Ego
585 1769 826 1838 autem,
868 1760 1179 1843 quicquid
1214 1766 1316 1824 est
1350 1761 1420 1823 in
1456 1772 1562 1826 me
1598 1762 1817 1840 studii,
1858 1762 2124 1839 consilii,
2155 1763 2413 1838 laboris,
2446 1763 2709 1843 ingenii,

313 1881 373 1923 10
407 1862 719 1944 quicquid
745 1863 865 1925 hoc
892 1861 1205 1925 beneficio
1228 1861 1455 1942 populi
1481 1863 1765 1925 Romani
1790 1869 1990 1943 atque
2016 1863 2137 1926 hac
2164 1868 2495 1943 potestate
2523 1882 2713 1943 prae-

404 1964 592 2039 toria,
630 1961 944 2042 quicquid
978 1962 1370 2025 auctoritate
1403 1960 1533 2024 fide
1567 1963 1936 2025 constantia
1967 1982 2254 2043 possum,
2292 1962 2362 2024 id
2395 1981 2589 2026 omne
2624 1962 2714 2025 ad

404 2063 572 2126 hanc
595 2083 729 2124 rem
754 2061 1221 2124 conficiendam
1242 2061 1364 2123 tibi
1385 2067 1454 2138 et
1474 2060 1717 2142 populo
1740 2062 2041 2125 Romano
2061 2062 2365 2141 polliceor
2385 2082 2462 2124 ac
2487 2061 2711 2125 defero
2731 2063 2821 2124 70

366 2149 371 2155 ’
405 2169 740 2243 testorque
773 2172 998 2226 omnes
1032 2160 1204 2237 de6S‚
1241 2165 1308 2224 et
1341 2169 1450 2223 eos
1484 2161 1786 2238 maxime,
1823 2172 1937 2243 qui
1968 2149 2117 2225 huic
2151 2161 2293 2226 loco
2326 2160 2717 2244 temploque

404 2262 795 2343 praesident,
842 2270 956 2341 qui
1000 2261 1291 2324 omnium
1337 2268 1590 2324 mentes
1632 2270 1876 2337 eorum,
1906 2270 2021 2341 qui
2064 2261 2151 2324 ad
2192 2281 2329 2324 rem
2372 2262 2709 2342 publicam

312 2382 371 2424 15
407 2361 671 2437 adeunt,
706 2360 990 2424 maxime
1016 2360 1435 2457 perspiciunt,
1471 2370 1574 2423 me
1602 2362 1724 2423 hoc
1754 2381 1963 2442 neque
1991 2367 2226 2442 rogatu
2254 2361 2466 2424 facere
2495 2362 2709 2425 cuius-

405 2553 691 2605 reputatlon
729 2563 785 2596 as
820 2563 888 2597 an
923 2554 1105 2604 orator,
1134 2551 1330 2596 alluded
1368 2554 1424 2595 to
1461 2551 1513 2595 ln
1599 2550 1697 2596 and
1735 2550 1806 2604 by
1842 2551 1971 2595 their
2006 2552 2221 2597 conduct
2258 2552 2370 2596 that
2408 2553 2498 2597 the
2535 2552 2712 2606 people

403 2621 612 2672 invenio.
1598 2619 1854 2671 approved
1877 2620 1930 2662 ot
1953 2619 2039 2664 the
2061 2618 2172 2664 law.
2228 2628 2488 2664 maneas:
2539 2620 2709 2676 ‘stand

470 2687 638 2733 27-30.
670 2686 982 2738 praecinunt
1013 2687 1089 2729 ror
1108 2685 1194 2729 the
1222 2696 1427 2736 zeugma
1447 2686 1514 2729 cr.
1598 2684 1733 2729 fast!

407 2754 503 2799 111.
539 2755 618 2797 10.
653 2755 726 2803 13,
765 2755 842 2795 14·
875 2763 940 2796 sc.
975 2763 1110 2795 some
1141 2752 1261 2795 such
1292 2750 1426 2794 word
1458 2762 1516 2794 as
1664 2754 1708 2796 6.
1744 2761 1879 2796 oum
1904 2752 2118 2797 studio:
2168 2763 2389 2797 manner.

403 2822 602 2863 ornatus
632 2823 685 2863 to
717 2830 779 2871 go
810 2818 932 2862 with
963 2819 1200 2870 beneficiis
1230 2817 1328 2861 and
1359 2818 1514 2861 rebus.
1664 2821 1706 2868 7,
1726 2820 1774 2863 8.
1806 2819 2020 2862 iterum
2058 2828 2237 2864 nunc:
2310 2818 2405 2869 Le..
2447 2831 2504 2863 as
2543 2820 2710 2864 before

409 2888 509 2931 cn.
574 2885 824 2930 Cornelius
888 2885 1160 2929 Lentu-lus
1226 2883 1514 2928 Clodianus:
1593 2884 1649 2929 ln
1672 2884 1759 2929 the
1781 2896 1892 2928 case
1914 2886 1967 2927 of
1989 2885 2076 2928 the
2099 2884 2344 2928 Gabinlan
2365 2886 2478 2929 law.
2536 2885 2607 2931 de
2626 2895 2710 2931 re:

404 2954 575 2997 consul
606 2953 655 2996 in
691 2955 751 2997 72
782 2952 904 2995 with
939 2953 992 2995 L.
1028 2951 1211 2995 Gellius
1245 2950 1514 2995 Publicola.
1599 2950 1777 2995 ‘about
1805 2951 1891 2995 the
1917 2952 2145 3001 question
2171 2951 2337 3001 ltself,'
2364 2951 2453 2996 the
2478 2953 2709 3003 question

407 3021 468 3063 In
503 3023 562 3064 70
595 3019 717 3072 they
747 3031 874 3063 were
908 3029 1103 3063 eensors
1137 3019 1377 3070 together,
1412 3017 1513 3061 and
1595 3018 1650 3062 of
1668 3019 1963 3071 appointing
1981 3019 2217 3071 Pompey.
2270 3017 2408 3070 qum
2425 3019 2514 3062 eet
2532 3018 2708 3071 quod:

404 3086 628 3138 expelled
667 3086 965 3138 slxty-three
1003 3089 1225 3130 senators
1263 3086 1389 3128 from
1428 3084 1515 3128 the
1600 3085 1756 3128 ‘what
1789 3095 1963 3129 reason
1995 3085 2037 3128 is
2069 3085 2209 3129 there
2238 3085 2378 3137 why'
2418 3085 2513 3135 (lit.
2553 3086 2707 3129 ‘what

405 3157 577 3197 senate
610 3154 686 3196 lor
719 3153 919 3196 various
954 3154 1177 3196 offenses.
1245 3160 1368 3204 pro:
1438 3151 1515 3195 ‘as
1594 3151 1639 3195 ls
1680 3151 1818 3195 there
1856 3162 1924 3194 on
1964 3155 2174 3195 account
2216 3152 2268 3195 of
2307 3151 2548 3203 which')?
2620 3152 2709 3196 See

403 3220 447 3263 is
482 3220 651 3264 shown
685 3220 789 3272 by!
859 3220 916 3263 0.
956 3219 1198 3263 castius:
1266 3217 1516 3270 Lonoinus
1600 3219 1658 3261 A.
1691 3220 1797 3268 535,
1831 3229 1882 3268 a;
1915 3218 1973 3262 Β.
2006 3219 2112 3268 283,
2149 3220 2198 3268 2:
2230 3218 2295 3263 H.
2328 3219 2438 3268 591.
2471 3221 2525 3269 4:
2556 3218 2708 3263 Η.-Β.

414 3286 584 3337 Varus,
619 3286 789 3330 consul
821 3287 874 3329 in
907 3289 982 3331 73.
1050 3286 1314 3329 orationi:
1377 3295 1431 3327 as
1463 3286 1513 3327 in
1598 3287 1706 3335 513,
1733 3288 1778 3328 2.

407 3351 636 3398 obsolevit
665 3354 765 3397 iam
792 3354 889 3397 ista
915 3353 1081 3404 oratio.
1111 3353 1191 3396 1⁷.
1221 3355 1297 3397 22.
1667 3354 1739 3396 10.
1774 3349 2046 3404 quicqum
2078 3381 2091 3394 .
2126 3381 2139 3394 .
2172 3381 2185 3394 .
2215 3360 2474 3403 possunt
2531 3352 2714 3396 ‘what-

1598 3428 1714 3462 ever
1742 3429 1906 3470 power
1935 3419 1959 3462 1
1991 3417 2143 3462 have'
2178 3419 2278 3468 (see
2305 3430 2371 3462 on
2402 3419 2492 3463 lv.
2525 3420 2607 3463 ιθ.
2639 3420 2711 3470 6).

474 3488 733 3539 Peroratio,
769 3484 1003 3536 §569-71:
1072 3484 1225 3527 stand
1255 3484 1364 3536 tasi,
1402 3482 1516 3526 Μα-
1599 3485 1773 3537 atquc
1823 3515 1837 3529 .
1888 3515 1903 3529 .
1954 3515 1968 3529 .
2016 3486 2318 3538 praetoria:
2409 3485 2598 3540 merely
2645 3497 2714 3530 an

406 3552 574 3600 uilius.
613 3551 711 3594 and
746 3551 771 3594 1
807 3551 906 3594 will
941 3551 1026 3594 aid
1060 3562 1154 3601 μου
1188 3549 1299 3594 with
1333 3550 1400 3593 all
1434 3561 1515 3601 mv
1598 3552 1953 3604 amplificatlon
1982 3555 2033 3597 of
2059 3553 2144 3598 hoc
2171 3551 2410 3605 beneflcim
2438 3553 2515 3596 for
2547 3564 2634 3597 use
2660 3552 2714 3596 of

408 3618 627 3670 personat
652 3618 751 3660 and
774 3617 944 3667 official
970 3628 1136 3668 power.
1598 3620 1735 3670 atque
1762 3620 1825 3662 cl.
1856 3621 1905 3663 4.
1940 3623 2011 3664 11.

473 3682 563 3733 24.
599 3688 642 3735 2,
663 3687 708 3730 3.
745 3685 1107 3730 voluntatem
1172 3686 1230 3729 et
1293 3686 1516 3729 senten-
1666 3688 1834 3730 12-15.
1869 3685 2078 3731 detero:
2135 3687 2180 3730 ‘1
2209 3686 2349 3741 place
2374 3689 2429 3730 at
2457 3696 2587 3739 your
2612 3686 2713 3730 dis-

408 3753 577 3797 tiam:
661 3752 768 3796 ‘the
808 3764 936 3805 open
976 3753 1256 3804 expression
1297 3753 1350 3795 ot
1390 3762 1516 3804 your
1599 3753 1773 3804 posal!
1836 3753 2014 3796 testor
2044 3752 2199 3797 deos:
2262 3753 2308 3796 ⁴1
2341 3752 2436 3796 call
2467 3753 2557 3797 the
2588 3752 2713 3805 gods

409 3819 655 3873 purpose!
725 3820 954 3864 auctore
990 3817 1198 3871 populo
1234 3819 1514 3862 Romano:
1599 3821 1654 3861 to
1694 3819 1916 3862 witness'
1955 3819 2043 3863 the
2081 3820 2183 3863 lact
2223 3819 2486 3872 expressed
2526 3819 2599 3872 by
2636 3829 2713 3863 mc

409 3887 577 3931 Cicero
612 3887 752 3929 knew
788 3887 855 3938 by
890 3885 1018 3928 their
1049 3884 1183 3936 large
1215 3885 1515 3928 attendanoe
1599 3915 1612 3928 .
1661 3915 1673 3928 .
1720 3916 1733 3929 .
1776 3886 1941 3937 tacere.
1986 3885 2020 3930 1.
2069 3888 2143 3931 15.
2221 3887 2355 3931 huie
2396 3886 2524 3931 loeo
2566 3888 2712 3932 tom·
