2913 4338
243 248 366 318 236
1087 255 1238 312 PRo
1292 255 1585 314 ARCHIA
1644 253 1889 311 POETA

347 436 566 495 noster
594 429 698 493 ille
728 429 977 493 Ennius
1006 430 1022 460 ‘
1036 429 1326 494 sanctos’
1358 428 1650 511 appellat
1676 435 1925 511 poetas,
1957 428 2135 510 quod
2162 430 2350 510 quasi
2377 428 2658 510 deorum

345 530 567 610 aliquo
598 530 773 593 dono
805 536 1005 610 atque
1036 538 1301 593 munere
1354 529 1797 593 commendati
1848 530 2036 592 nobis
2086 549 2223 592 esse
2276 529 2655 593 videantur.

346 630 445 694 Sit
484 629 700 709 igitur,
742 629 1003 705 iudices,
1044 635 1348 693 sanctum
1387 629 1565 710 apud
1605 638 1742 705 vos,
1784 629 2286 692 humanissimos
2323 629 2646 706 homines,
2686 635 2760 695 19

248 748 312 791 25
344 729 466 793 hoc
523 735 758 810 poetae
815 738 1073 805 nomen,
1134 729 1312 809 quod
1369 729 1552 792 nulla
1605 748 1924 810 umquam
1980 729 2286 793 barbaria
2340 729 2645 821 violavit.

345 830 521 894 Saxa
568 835 637 892 et
687 829 1067 893 solitudines
1124 837 1266 892 voci
1314 827 1734 910 respondent,
1787 829 2036 893 bestiae
2087 849 2280 909 saepe
2331 829 2664 894 immanes

349 935 549 993 cantii
592 929 946 992 flectuntur
985 934 1187 1009 atque
1227 929 1622 1006 consistunt3
1663 938 1782 991 nos
1820 930 2112 992 instituti
2152 930 2344 993 rebus
2386 931 2665 1009 optimis

348 1038 479 1092 non
519 1035 863 1110 poetarum
907 1038 1066 1092 voce
1107 1031 1527 1093 moveamur?
1613 1030 1973 1092 Homerum
2016 1028 2401 1108 Colophonii
2446 1039 2664 1092 civem

347 1148 484 1192 esse
536 1128 765 1191 dicunt
814 1148 1026 1205 suum,
1080 1129 1223 1193 Chii
1272 1149 1467 1192 suum
1518 1128 1877 1205 vindicant,
1932 1128 2268 1193 Salaminii
2317 1135 2661 1208 repetunt,

348 1229 688 1307 Smyrnaei
737 1238 893 1292 vero
941 1249 1131 1292 suum
1182 1249 1320 1292 esse
1367 1228 1766 1295 confirmant
1814 1228 2041 1309 itaque
2070 1229 2272 1291 etiam
2308 1226 2663 1292 delubrum

349 1328 489 1392 eius
530 1328 599 1389 in
642 1328 887 1409 oppido
929 1329 1423 1406 dedicaverunt5
1467 1328 1778 1410 permulti
1821 1328 1931 1391 alii
1970 1333 2311 1410 praeterea
2352 1336 2664 1408 pugnant

351 1428 523 1490 inter
549 1438 619 1492 se
648 1433 849 1510 atque
878 1429 1304 1492 contendunt.

430 1528 501 1595 9.
545 1530 719 1609 Ergo
767 1528 859 1591 illi
908 1529 1211 1605 alienum,
1264 1528 1420 1609 quia
1469 1517 1668 1608 poeta
1718 1528 1864 1605 fuit,
1916 1533 2074 1609 post
2120 1533 2399 1591 mortem
2451 1530 2660 1592 etiam

349 1633 699 1708 expetunt3
736 1637 856 1691 nos
893 1628 1066 1692 hunc
1105 1637 1354 1705 vivum,
1395 1637 1512 1708 qui
1548 1634 1617 1691 et
1656 1627 2000 1692 voluntate
2037 1632 2108 1690 et
2144 1627 2393 1707 legibus
2433 1635 2663 1692 noster

348 1734 477 1803 est‚-
510 1728 1022 1810 repudiabimus,
1065 1729 1448 1809 praesertim
1492 1749 1640 1791 cum
1683 1747 1875 1792 omne
1918 1727 2072 1790 olim
2114 1727 2408 1790 studium
2455 1734 2663 1809 atque

350 1847 543 1891 omne
583 1828 914 1908 ingenium
957 1827 1308 1892 contulerit
1348 1827 1621 1890 Archias
1661 1826 1747 1890 ad
1786 1826 2013 1908 populi
2055 1827 2341 1889 Romani
2380 1827 2660 1907 gloriam

286 1946 317 1989 5
350 1928 741 2008 laudemque
792 1926 1284 1991 celebrandam?
1370 1928 1541 1989 Nam
1596 1932 1664 1989 et
1714 1926 2070 1989 Cimbricas
2120 1936 2222 1989 res
2257 1926 2662 1991 adulescens

351 2028 574 2108 attigit
596 2032 665 2090 et
694 2027 819 2108 ipsi
849 2027 941 2089 illi
972 2028 1039 2090 C.
1069 2027 1292 2103 Mario,
1318 2034 1432 2107 qui
1464 2026 1684 2089 durior
1716 2026 1801 2089 ad
1833 2026 1991 2088 haec
2023 2026 2246 2089 studia
2277 2025 2656 2104 videbatur,

349 2127 673 2192 iucundus
735 2126 881 2190 fuit.
971 2127 1198 2207 Neque
1260 2126 1433 2190 enim
1499 2126 1845 2207 qumquam
1909 2130 2012 2189 est
2074 2131 2216 2189 tam
2281 2134 2552 2190 aversus
2616 2137 2661 2192 a
2677 2131 2758 2194 20

353 2228 571 2304 Musis,
623 2235 737 2308 qui
784 2237 915 2290 non
963 2227 1262 2290 mandari
1308 2227 1604 2289 versibus
1651 2231 1990 2289 aeternum
2037 2235 2305 2289 suorum
2353 2225 2660 2290 laborum

352 2326 538 2389 facile
611 2328 1028 2408 praeconium
1102 2328 1415 2409 patiatur.
1502 2325 2004 2390 Themistoclem
2068 2326 2272 2403 illum,
2319 2345 2659 2390 summum

353 2427 625 2490 Athenis
675 2427 909 2503 virum,
963 2426 1202 2489 dixisse
1252 2426 1459 2502 aiunt,
1513 2446 1663 2489 cum
1715 2445 1798 2488 ex
1847 2434 1925 2488 eo
1976 2432 2415 2505 quaereretur,
2473 2427 2659 2507 quod

205 1245 316 1306 ⁴30

258 2443 318 2487 10

351 2587 437 2630 the
475 2588 666 2634 earliest
706 2588 758 2630 oi
795 2587 882 2630 the
920 2587 1116 2630 Roman
1153 2591 1308 2640 poets.
1348 2586 1448 2630 and

347 2665 446 2696 was
468 2653 790 2706 particularly
812 2654 1033 2697 admired
1057 2654 1124 2706 by
1147 2653 1328 2697 Clcero.
1373 2653 1451 2696 He

345 2724 496 2763 wrote
532 2720 791 2770 comedies,
830 2720 1089 2771 tragedies,
1126 2720 1313 2770 satires,
1350 2719 1449 2763 and

345 2798 375 2830 a
416 2787 605 2839 history
645 2787 699 2830 ot
740 2786 900 2829 Rome
937 2786 990 2829 in
1029 2785 1255 2838 eighteen
1293 2786 1451 2830 books

343 2854 499 2896 called
529 2852 782 2898 Annales)
851 2852 1036 2897 nobit:

345 2920 567 2963 tectionss

407 2989 483 3030 26.
517 2985 673 3030 There
725 2987 769 3030 is
821 2986 1032 3030 allusion
1084 2985 1200 3031 here
1254 2989 1312 3031 to
1363 2985 1451 3030 the

343 3053 585 3104 mythical
659 3052 897 3106 Orpheus.
968 3053 1079 3097 who
1147 3053 1326 3106 played
1395 3064 1451 3095 so

340 3118 547 3171 sweetly
570 3119 682 3163 that
707 3124 835 3163 trees
856 3120 1079 3164 followed
1100 3119 1218 3169 him,
1242 3124 1450 3163 streams

341 3185 489 3228 stood
522 3186 621 3229 still
655 3190 709 3229 to
740 3186 884 3229 listen
915 3186 1014 3230 and
1046 3198 1170 3230 even
1201 3186 1316 3229 wild
1346 3187 1450 3229 ani-

342 3251 468 3294 mals
496 3264 621 3296 were
649 3253 833 3297 tamed.

406 3321 485 3362 31.
522 3319 789 3370 permulti
845 3319 965 3364 am:

343 3384 491 3428 claim
518 3385 655 3431 him.’

1109 2852 1185 2896 ‘to
1211 2863 1305 2897 our
1338 2864 1452 2906 pro-

1075 3320 1085 3337 ·
1096 3319 1253 3363 Seven
1309 3319 1449 3362 citIes

407 3515 461 3567 9.
502 3519 728 3570 §no-22.
764 3518 982 3570 Archias,
1003 3520 1059 3563 in
1078 3519 1355 3571 celebratino
1374 3518 1449 3563 the

341 3584 592 3629 Cimbrian
646 3587 744 3630 and
796 3586 1100 3630 Mithridatio
1154 3586 1306 3635 Wars.
1359 3585 1449 3630 hac

335 3652 549 3704 alorifled
588 3653 667 3695 not
705 3653 815 3703 «mlv
854 3652 914 3695 Μ
915 3653 1050 3696 anm
1085 3653 1184 3696 and
1218 3651 1449 3696 Lucullus

336 3718 417 3761 but
457 3718 529 3761 the
574 3718 715 3762 whole
763 3718 948 3762 Roman
987 3721 1163 3771 people.
1236 3719 1446 3770 Ennius,

333 3784 423 3834 too,
471 3785 528 3827 in
575 3785 799 3837 praisino
845 3784 1096 3829 Maximus
1140 3786 1239 3829 and
1282 3786 1445 3837 others,

338 3850 532 3904 praised
564 3849 638 3894 me
673 3849 858 3893 Roman
890 3852 1069 3902 people.
1154 3850 1242 3903 He,
1276 3851 1448 3905 mauolt

1538 2599 1605 2632 an
1631 2588 1775 2638 alien.
1807 2598 1907 2631 was
1932 2588 2130 2641 wanted
2154 2588 2454 2640 cuizenship.
2517 2590 2661 2634 Shau

1538 2666 1604 2699 we
1628 2655 1821 2707 depr-ive
1845 2654 2052 2699 Archias
2076 2653 2129 2707 or
2151 2655 2462 2708 citizenship?

1604 2724 1710 2766 1-3.
1745 2722 2021 2767 alienum:
2092 2720 2156 2765 he
2189 2726 2323 2766 must
2360 2721 2492 2767 have
2526 2723 2657 2768 been

1538 2800 1569 2832 a
1610 2788 1896 2840 ‘foreigner’
1937 2792 1994 2832 to
2033 2787 2102 2832 all
2145 2788 2235 2832 but
2277 2800 2385 2839 one,
2429 2790 2657 2844 possibly

1542 2858 1597 2898 to
1634 2854 1718 2899 all.
1788 2856 1989 2900 etiarm
2029 2855 2152 2899 with
2190 2856 2426 2908 expetunt.
2499 2865 2659 2908 prae-

1537 2922 1734 2966 sertim
1756 2930 1913 2966 oum:
1962 2921 2243 2974 ‘especially
2266 2923 2318 2965 ln
2341 2922 2467 2965 view
2489 2924 2544 2967 of
2566 2923 2658 2968 the

1538 2989 1645 3032 fact
1682 2988 1831 3039 that‚’
1869 2988 1992 3032 ‘and
2027 2988 2154 3039 that.
2194 2989 2419 3040 though!
2488 2989 2656 3036 olim:

1539 3054 1676 3106 ‘long
1700 3055 1868 3099 since!

1598 3124 1641 3171 5,
1665 3124 1710 3165 6.
1749 3121 2053 3166 cimbrica:
2084 3130 2195 3166 m:
2261 3122 2369 3166 ‘the
2396 3134 2500 3167 war
2528 3124 2657 3169 with

1535 3188 1621 3231 the
1651 3187 1868 3232 Cimbri.’
1930 3189 2154 3241 attigit:
2215 3189 2453 3232 'touched
2480 3190 2659 3243 upon!

1533 3255 1585 3297 in
1627 3258 1849 3298 contrast
1893 3254 2017 3298 with
2062 3256 2212 3300 totum
2255 3266 2528 3308 expressum
2571 3258 2655 3309 est.

1534 3320 1582 3364 ll.
1618 3324 1688 3370 15.
1717 3323 1794 3370 16:
1825 3322 1929 3365 also
1962 3323 2024 3367 ci.
2058 3323 2299 3376 attinuere,
2332 3324 2381 3367 8.
2415 3325 2457 3367 1.
2518 3324 2657 3376 ind:

1535 3388 1712 3432 ‘even.’
1777 3388 1991 3433 durior:
2052 3389 2240 3433 ‘rather
2269 3389 2657 3436 uncmtivated!

1531 3454 1626 3498 ad:
1689 3455 1762 3499 ‘in
1793 3460 1984 3508 respect
2020 3457 2110 3501 to!

1597 3524 1734 3566 7—11.
1771 3531 2000 3567 aversus
2033 3532 2068 3567 a
2099 3523 2303 3568 Musis:
2368 3523 2572 3568 ‘devoid
2600 3525 2660 3569 ot

1533 3589 1854 3634 reflnement.’
1924 3591 2225 3635 aeternum
2259 3592 2655 3643 nmmum:

1536 3655 1643 3699 ‘the
1662 3656 1914 3700 immortal
1937 3656 2225 3708 heralding!
2282 3655 2477 3702 (aenei
2511 3657 2656 3701 ‘will-

1533 3723 1703 3773 ingly!
1758 3723 2221 3768 Themistoclem:
2264 3723 2349 3767 the
2371 3723 2656 3768 celebrated

1538 3788 1784 3832 Athenian
1825 3790 2034 3840 general.
2078 3789 2288 3834 admiral
2330 3790 2432 3834 and
2474 3794 2657 3835 states-

1534 3864 1666 3899 man.
1742 3855 1818 3897 He
1857 3867 1959 3898 was
1998 3867 2030 3899 a
2070 3867 2189 3903 man
2228 3857 2281 3900 ot
2323 3861 2463 3908 great
2505 3856 2657 3902 intd-
