2913 4338
969 269 1125 325 cAP.
1168 272 1360 337 64-65,
1403 265 1481 347 ἓξ
1531 273 1773 326 ios-168

223 439 550 521 rapieba8‚
590 450 705 522 qui
738 442 859 506 tibi
895 449 1064 506 esset
1099 443 1379 524 ignotus»,
1418 463 1567 507 oum
1605 452 1813 507 civem
1862 453 1932 509 se
1975 443 2346 507 Romanum
2383 461 2521 506 esse

225 540 496 617 diceret,
523 542 701 624 apud
731 549 800 607 te
829 549 1216 625 praetorem,
1251 552 1306 605 si
1336 553 1471 606 non
1500 544 1831 624 effugium,
1857 553 1940 608 ne
1971 545 2221 606 moram
2254 543 2520 624 quidem
2601 535 2611 543 ’

225 641 483 719 mortis,
518 641 847 706 mentione
876 649 1076 723 atque
1104 643 1526 724 usurpatione
1554 643 1861 721 civitatis,
1893 643 2164 724 adsequi
2188 644 2447 725 potuit?

310 741 418 806 65.
465 741 779 807 Homines
806 748 1053 819 tenues,
1084 745 1359 808 obscuro
1399 743 1543 809 loco
1573 749 1735 820 nati,
1771 743 2114 824 navigant3
2158 744 2404 807 adeunt
2438 744 2523 806 ad
2549 749 2620 800 1⁸⁹1

225 860 308 905 ea
338 841 484 907 loca
513 862 682 923 quae
711 862 1073 923 numquam
1106 848 1302 906 antea
1332 843 1663 922 viderunt5
1708 844 1822 908 ubi
1851 863 2062 924 neque
2092 848 2234 906 noti
2262 863 2399 907 esse
2429 853 2522 906 eis

230 951 368 1022 quo
410 948 748 1020 venerunt,
791 932 1022 1024 neque'
1043 961 1294 1025 semper
1341 963 1491 1007 oum
1544 943 1983 1024 cognitoribus
2035 963 2173 1007 esse
2225 948 2517 1024 possunt.

227 1041 376 1104 Hac
403 1051 539 1104 una
563 1047 788 1106 tamen
820 1043 1064 1105 fiducia
1086 1041 1392 1119 civitatiS,
1420 1053 1556 1106 non
1581 1044 1775 1108 modo
1802 1043 1980 1123 apud
2005 1048 2261 1107 nostros
2287 1044 2520 1123 magis-

157 1158 194 1204 5
226 1146 467 1217 tratfis,
483 1151 598 1222 qui
616 1148 683 1206 et
710 1142 923 1222 legum
937 1149 1007 1206 et
1032 1142 1534 1206 existimationis
1559 1143 1844 1224 periculo
1857 1143 2292 1219 continentur,
2310 1162 2521 1223 neque

227 1241 409 1321 apud
437 1250 596 1305 civis
617 1243 825 1305 solum
848 1243 1200 1319 Romanos,
1224 1252 1339 1323 qui
1357 1247 1429 1306 et
1460 1243 1773 1306 sermonis
1806 1248 1875 1306 et
1901 1243 2057 1306 iuris
2075 1248 2145 1305 et
2164 1243 2520 1306 multarum

225 1351 446 1404 rerum
478 1342 790 1406 societate
817 1342 1023 1405 iuncti
1048 1347 1222 1419 sunt,
1252 1343 1389 1408 fore
1414 1353 1484 1406 se
1509 1348 1693 1406 tutos
1728 1343 2131 1406 arbitrantur
2138 1364 2156 1421 ;
2198 1343 2332 1419 sed,
2362 1352 2523 1423 quo-

197 1498 200 1502 ,
226 1460 511 1522 cumque
565 1442 882 1519 venerint,
937 1443 1104 1506 hanc
1159 1442 1283 1506 sibi
1331 1463 1468 1505 rem
1524 1442 1846 1525 praesidio
1899 1448 2164 1523 sperant
2207 1443 2516 1527 futuram.

224 1541 408 1606 Tolle
440 1541 606 1605 hano
645 1562 848 1624 spem,
883 1542 1039 1606 tolle
1082 1542 1206 1607 hoo
1252 1542 1647 1624 praesidium
1683 1542 1934 1607 civibus
1982 1543 2322 1619 Romanis3
2373 1552 2523 1606 con·
2551 1546 2620 1599 ιω

138 1659 195 1702 ιο
225 1642 431 1704 stitue
464 1641 625 1703 nihil
659 1662 797 1705 esse
828 1643 969 1723 opis
998 1643 1069 1704 in
1097 1642 1219 1705 hac
1251 1651 1430 1718 voce,
1468 1639 1663 1706 ‘Civis
1710 1642 2048 1705 Romanus
2094 1643 2282 1720 sum,'
2334 1662 2523 1724 posse

225 1741 495 1821 impune
525 1747 911 1822 praetorem,
943 1747 1061 1804 aut
1093 1741 1293 1804 alium
1326 1742 1705 1822 quemlibet,
1727 1742 2116 1822 supplicium
2150 1742 2329 1822 quod
2362 1742 2521 1806 velit

224 1843 294 1903 in
311 1861 467 1904 eum
488 1842 882 1905 constituere
899 1851 1015 1923 qui
1044 1851 1113 1905 se
1144 1851 1352 1905 civem
1385 1843 1760 1905 Romanum
1787 1861 1925 1904 esse
1944 1842 2140 1918 dicat,
2162 1842 2340 1922 quod
2370 1861 2520 1904 eum

224 1942 371 2021 quis
390 1942 670 2021 ignoret:
713 1942 846 2004 iam
873 1951 1084 2006 omnis
1107 1943 1494 2023 provinciae,
1516 1942 1648 2005 iam
1675 1941 1895 2006 omnia
1917 1951 2132 2020 regna,
2154 1942 2285 2004 iam
2312 1951 2523 2005 omnis

223 2039 462 2105 liberas
484 2041 804 2118 civitateS,
828 2042 960 2105 iam
983 2062 1243 2106 omnem
1265 2043 1490 2106 orbem
1511 2047 1851 2117 terrarum,
1876 2049 1991 2122 qui
2011 2059 2263 2121 semper
2282 2046 2522 2105 nostris

141 2157 195 2203 ιε
224 2140 602 2207 hominibus
655 2142 940 2206 maxime
993 2141 1233 2223 patuit,
1291 2141 1543 2206 civibus
1600 2142 1914 2205 Romanis
1968 2141 2098 2205 ista
2150 2140 2520 2205 defensione

221 2241 663 2323 praeoffiseris,
743 2243 916 2320 Quid
942 2252 997 2306 si
1023 2244 1094 2305 L.
1127 2241 1462 2318 Raecium,
1491 2241 1779 2322 equitem
1809 2242 2201 2317 Romanum,
2231 2250 2345 2322 qul
2370 2246 2515 2303 tum

223 2341 293 2403 in
313 2341 534 2406 Sicilia
545 2348 706 2419 erat,
722 2344 1145 2406 nominabat?
1178 2343 1464 2406 etiamne
1486 2340 1554 2404 id
1575 2360 1885 2421 magnum
1908 2341 2054 2417 fuit,
2073 2339 2516 2405 Panhormum

289 2536 367 2579 27.
404 2534 505 2586 qul
524 2530 553 2578 '.
585 2563 600 2578 .
633 2564 646 2578 .
675 2535 843 2579 mot:
901 2533 1112 2585 ‘though
1139 2533 1202 2577 he
1228 2544 1330 2578 was

226 2602 480 2645 unknown
496 2605 551 2645 to
566 2602 690 2655 you’
715 2603 792 2651 (A.
812 2604 919 2652 535.
939 2612 986 2651 e;
1005 2601 1063 2645 B.
1084 2602 1189 2651 283.
1210 2603 1254 2651 3.
1274 2602 1329 2650 b:

228 2667 294 2712 Β.
342 2670 454 2721 593,
505 2671 556 2719 2;
605 2668 756 2713 Η.-Β.
805 2670 914 2719 523,
972 2667 1107 2712 third
1162 2678 1331 2712 exam-

225 2735 348 2789 ple).

289 2803 367 2847 28.
402 2801 557 2854 apud
585 2802 644 2847 to
671 2802 1011 2855 praetorem:
1069 2799 1239 2845 ‘oould
1267 2800 1331 2844 he

224 2873 313 2912 not
331 2869 448 2920 gain
463 2869 630 2912 before
645 2880 762 2922 you.
781 2879 846 2912 an
862 2869 1026 2912 offioer
1040 2868 1095 2911 of
1106 2867 1330 2919 justice?

226 2944 298 2980 no
322 2965 336 2980 .
360 2966 376 2981 .
401 2964 417 2980 .
436 2936 693 2988 quidem:
731 2936 861 2979 atter
879 2935 927 2978 si
942 2946 1043 2978 non
1059 2945 1134 2979 we
1152 2933 1330 2978 should

225 3006 401 3055 expect
444 3003 624 3051 saltem,
670 3012 726 3045 as
767 3002 821 3045 in
862 3001 897 3046 l.
945 3003 1003 3046 16
1051 3000 1230 3052 (where
1270 3011 1332 3044 ne

225 3069 416 3122 quidm
456 3068 623 3112 would
667 3068 796 3112 have
838 3068 965 3112 been
1007 3070 1061 3112 at
1105 3066 1231 3111 least
1276 3078 1332 3110 as

226 3136 392 3188 good),
436 3134 529 3179 but
572 3135 659 3179 the
697 3135 946 3179 variation
983 3133 1111 3179 adds
1149 3136 1206 3179 to
1243 3133 1332 3178 the

225 3203 490 3256 emphasis.

287 3273 363 3315 29.
398 3269 791 3322 usurpatione:
834 3266 1037 3313 ‘clam’

288 3404 477 3447 Roman
531 3401 811 3454 citizenship
864 3411 898 3445 α
951 3400 1204 3454 praediun
1257 3399 1334 3444 the

224 3471 367 3514 world
413 3480 539 3520 over:
585 3467 1334 3521 wnvnottooavtuswhento

226 3535 889 3586 testhisclaimwauooosu?
943 3533 1235 3586 55167.168.

287 3600 379 3652 65.
413 3606 459 3648 2.
493 3602 830 3655 um=quibu⁸
864 3601 923 3644 in
966 3600 1101 3650 locis:
1133 3611 1190 3643 so
1222 3611 1329 3653 quo.

227 3668 260 3713 l.
287 3672 332 3721 3,
371 3687 417 3705 ι·
451 3669 517 3713 ad
542 3679 675 3723 quos.

287 3738 333 3781 3.
367 3745 503 3781 oum
556 3734 942 3787 cognitoribus
987 3743 1138 3793 'mot
1245 3733 1330 3777 ‘be

230 3801 574 3856 accompanied
615 3802 686 3855 by
726 3812 841 3845 men
881 3800 992 3844 who
1032 3813 1125 3844 can
1166 3800 1330 3844 voueh

231 3869 301 3913 for
325 3870 495 3915 them!

1478 2535 1526 2578 5.
1559 2529 1755 2585 locum
1793 2562 1807 2577 .
1844 2561 1863 2577 .
1900 2562 1915 2576 .
1952 2531 2339 2576 eontinentur:
2411 2532 2518 2576 ‘aro

1413 2599 1530 2644 held
1549 2600 1603 2644 ln
1625 2600 1776 2642 check
1797 2599 1866 2652 by
1888 2599 1988 2642 risk
2016 2599 2086 2649 (ot
2107 2598 2192 2642 the
2214 2599 2439 2651 penalty)
2462 2599 2518 2642 ot

1412 2667 1504 2712 the
1525 2665 1644 2710 laws
1670 2666 1769 2710 and
1796 2667 1849 2710 ot
1874 2665 2041 2719 public
2066 2666 2300 2718 opinione

1477 2735 1525 2778 8.
1560 2733 1707 2776 hano
1732 2741 1877 2777 rom:
1929 2733 2112 2776 civitas.

1480 2802 1527 2845 9.
1561 2798 1711 2852 tollo.
1755 2798 1906 2850 tollo,
1949 2798 2254 2843 constitue:
2331 2809 2410 2842 see
2447 2809 2516 2843 on

1414 2867 1458 2912 Ι.
1503 2868 1554 2911 4.
1600 2869 1642 2911 1.
1717 2865 1821 2909 The
1862 2865 2144 2908 conclusion
2184 2865 2237 2908 in
2279 2865 2399 2908 such
2440 2865 2515 2909 ln-

1413 2937 1610 2977 stanoes
1649 2932 1693 2976 is
1734 2932 1981 2984 generally
2022 2931 2188 2975 future
2233 2932 2308 2982 (or
2349 2931 2515 2975 future

1414 2999 1642 3052 perfect).
1716 2998 1846 3042 Note
1884 2998 1989 3041 also
2027 2997 2114 3042 the
2152 2998 2404 3051 anaphora
2448 2999 2513 3049 (Ι.

1417 3067 1467 3109 1.
1493 3067 1563 3116 3).
1621 3065 1928 3110 constitue:
1981 3064 2237 3109 ‘establish
2261 3064 2347 3108 the
2371 3065 2513 3113 raet?

1413 3132 1502 3177 the
1520 3132 1711 3184 objects
1728 3143 1812 3176 are
1830 3132 1917 3176 the
1934 3131 2177 3175 infinitivo
2194 3131 2381 3175 clauses
2400 3131 2512 3176 that

1415 3201 1594 3244 follow.

1483 3269 1554 3317 12,
1588 3268 1660 3310 13.
1695 3265 1848 3319 quod
1879 3295 1892 3309 .
1925 3294 1940 3309 .
1971 3265 2257 3317 ‚ignorate
2312 3265 2398 3308 ‘on
2426 3264 2514 3309 the

1415 3332 1607 3384 ground
1642 3332 1753 3376 that
1791 3343 1927 3375 some
1962 3343 2054 3375 one
2089 3342 2206 3384 may
2243 3334 2329 3375 not
2367 3331 2513 3374 know

1415 3400 1520 3442 him
1530 3399 1695 3443 '—the
1716 3410 1888 3443 reason
1914 3399 2099 3449 alleged
2124 3399 2200 3441 for
2222 3398 2513 3442 constituere.

1412 3467 1557 3511 lam:
1597 3465 1773 3517 ‘soom'
1795 3477 1849 3509 as
1868 3465 2149 3517 commonly
2167 3465 2288 3507 with
2306 3465 2512 3508 futures.

1482 3535 1555 3578 15.
1587 3533 1701 3577 luta
1734 3531 2078 3576 daemone:
2149 3531 2280 3574 ‘that
2317 3531 2427 3583 plea
2460 3530 2514 3574 ot

1414 3599 1763 3652 yours’—that
1793 3609 1894 3653 you
1921 3598 2005 3641 did
2035 3601 2123 3641 not
2152 3598 2296 3640 know
2324 3596 2386 3640 he
2412 3608 2514 3640 was

1414 3677 1444 3709 a
1482 3666 1672 3717 citizen,
1710 3665 1813 3710 and
1848 3665 2106 3718 suspected
2141 3663 2244 3706 him
2280 3664 2332 3706 ot
2366 3663 2515 3715 being

1413 3744 1443 3776 a
1467 3744 1575 3786 spy.

1482 3803 1552 3848 16.
1583 3802 1655 3844 17.
1689 3799 1983 3843 Baoolurn:
2026 3808 2105 3841 see
2128 3799 2207 3841 ⁸8.
2235 3798 2307 3840 18.
2333 3795 2517 3840 nomi·

1415 3867 1615 3910 nabat:
1668 3877 1723 3909 as
1751 3878 1781 3909 a
1808 3866 2026 3918 coercitor.

2495 266 2621 330 285
