2913 4338
1009 250 1171 307 GAP.
1219 254 1409 315 10-12,
1453 248 1530 327 ὃς
1579 255 1753 307 31-35
2503 246 2624 313 267

92 445 187 488 15
217 425 608 489 criminibus
652 423 724 487 in
766 423 889 489 hac
936 434 1133 489 causa
1179 424 1570 488 contendere
1614 425 1951 505 putarem,
1988 444 2106 504 ego
2153 444 2414 505 quoque
2460 425 2529 487 in

219 525 599 589 accusanda
625 530 824 605 atque
848 524 918 586 in
940 524 1339 603 explicandis
1366 524 1742 587 criminibus
1766 544 2029 604 operam
2056 534 2525 601 censumerem;

219 646 422 701 nunc,
464 624 776 704 quoniam
811 633 1101 705 pugnare
1139 630 1367 687 contra
1404 634 1509 686 me
1544 624 1907 699 instituisti,
1947 634 2081 686 nen
2116 628 2254 686 tam
2292 645 2375 686 ex
2410 629 2529 688 tua

220 731 471 788 natura
524 745 724 804 quam
775 744 859 786 ex
909 724 1095 786 istius
1146 730 1438 803 tempore
1491 728 1560 785 et
1612 733 1825 800 causa,
1881 743 2137 787 necesse
2188 730 2289 787 est
2340 719 2527 787 istius

217 825 405 888 modi
437 825 677 887 ratieni
710 824 926 903 alique
958 823 1221 886 censilie
1252 823 1581 886 obsistere.
1670 825 1812 886 Tua
1841 825 2010 886 ratie
2040 830 2159 900 est,
2194 830 2271 887 ut
2302 844 2526 888 secun·
2543 828 2624 889 34

101 944 189 987 20
219 926 386 988 dum
420 926 610 987 bines
639 924 826 986 hides
858 923 1016 985 mihi
1046 924 1431 1004 respondere
1463 922 1734 1003 incipias
1743 943 1759 1000 ;
1794 944 1956 999 mea,
1992 930 2068 986 ut
2101 931 2253 987 ante
2284 934 2526 1004 primes

217 1026 418 1089 ludes
473 1024 1053 1104 comperendinem.
1142 1024 1251 1086 Ita
1304 1023 1382 1085 fit
1435 1028 1513 1085 ut
1566 1029 1685 1086 tua
1737 1023 1866 1086 ista
1906 1024 2075 1086 ratie
2120 1025 2526 1087 existimetur

220 1130 472 1200 astuta,
506 1144 724 1186 meum
753 1124 873 1187 hoc
905 1124 1240 1187 censilium
1270 1124 1718 1186 necessarium.

309 1225 416 1289 12.
461 1226 706 1287 Verum
751 1223 910 1286 illud
957 1224 1135 1303 quod
1180 1224 1593 1285 institueram
1642 1223 1870 1299 dicere,
1921 1223 2078 1285 mihi
2125 1244 2259 1285 rem
2308 1230 2524 1287 tecum

222 1345 386 1400 esse,
452 1324 646 1386 huius
707 1324 884 1386 modi
945 1329 1062 1385 est.
1153 1325 1292 1402 Ego
1354 1343 1505 1386 cum
1576 1322 1742 1387 hanc
1809 1344 2086 1387 ’causam
2167 1324 2525 1408 Siculorum

223 1430 464 1504 rogatu
512 1423 911 1504 recepissem,
938 1409 1156 1502 'idque
1202 1421 1362 1485 mihi
1407 1422 1699 1501 amplum
1745 1428 1814 1485 et
1856 1423 2260 1505 praeclarum
2306 1425 2526 1486 existi-

226 1534 532 1600 massem,
578 1533 688 1586 ees
730 1523 893 1585 velle
935 1543 1117 1586 meae
1159 1523 1310 1584 fidei
1352 1521 1852 1602 diligentiaeque
1892 1513 2251 1604 periculum
2294 1524 2522 1601 facere,

158 1644 196 1689 5
229 1636 344 1707 qui
431 1623 842 1686 innocentiae
928 1623 1494 1702 abstinentiaeque
1584 1623 1885 1686 fecissent
1893 1643 1910 1700 ;
2003 1629 2147 1686 tum
2239 1631 2540 1705 suscepte

227 1725 514 1805 negetie,
583 1723 792 1785 maius
856 1722 1169 1802 quiddam
1234 1722 1394 1785 mihi
1455 1732 1783 1804 proposui,
1852 1723 1921 1784 in
1983 1733 2115 1804 que
2180 1744 2393 1787 meam
2457 1725 2526 1785 in

227 1845 366 1888 rem
456 1822 787 1905 publicam
877 1823 1287 1886 voluntatem
1375 1823 1655 1902 populus
1745 1823 2083 1885 Remanus
2169 1825 2526 1904 perspicere

227 1930 471 2007 posset.
564 1924 734 1985 Nam
827 1919 986 1985 illud
1080 1921 1238 1983 mihi
1329 1931 1747 2002 nequaquam
1842 1923 2109 2002 dignum
2204 1924 2524 1987 industria
2542 1928 2623 1989 35

230 2031 606 2103 cenatfique
672 2032 817 2085 mee
883 2022 1249 2097 videbatur,
1319 2021 1519 2084 istum
1587 2031 1627 2084 a
1693 2032 1797 2085 me
1863 2022 1931 2083 in
1996 2023 2324 2099 iudicium,
2395 2025 2526 2087 iam

136 2144 200 2188 10
230 2126 527 2190 omnium
574 2122 811 2186 iudicio
857 2122 1383 2198 condemnatum,
1433 2132 1671 2199 vocari,
1721 2122 1843 2185 nisi
1887 2122 2017 2186 ista
2061 2129 2179 2186 tua
2224 2124 2526 2188 intolera-

229 2226 375 2289 bilis
427 2224 747 2304 potentia,
800 2230 869 2286 et
919 2243 998 2286 ea
1049 2222 1370 2303 cupiditas
1423 2232 1556 2302 qua
1606 2243 1720 2303 per
1770 2223 1961 2287 hosce
2014 2234 2216 2286 annes
2269 2225 2336 2285 in
2387 2226 2528 2305 qui-

232 2326 512 2389 busdam
571 2324 822 2387 iudiciis
879 2333 1035 2386 fisus
1091 2342 1178 2398 eS,
1238 2322 1438 2385 etiam
1499 2323 1566 2383 in
1623 2323 1809 2385 istius
1867 2323 2145 2386 hominis
2204 2324 2528 2405 desperati

234 2435 431 2489 causa
489 2425 1024 2504 interpeneretur.
1116 2424 1175 2485 N
1179 2443 1304 2486 unc
1365 2432 1541 2498 vere,
1604 2423 1913 2502 quoniam
1973 2423 2130 2487 haec
2192 2431 2258 2488 te
2316 2425 2526 2488 omnis

235 2525 599 2589 dominatie
663 2534 1062 2604 regnumque
1126 2522 1510 2585 iudicierum
1578 2527 1768 2586 tante
1833 2543 2025 2604 opere
2091 2523 2391 2600 delectat,
2459 2531 2528 2588 et

146 2647 203 2688 15
234 2631 389 2688 sunt
440 2624 734 2688 homines
784 2633 948 2703 ques
996 2622 1282 2686 libidinis
1330 2618 1767 2702 infamiaeque
1816 2643 1971 2686 suae
2021 2644 2230 2703 neque
2279 2625 2528 2704 pudeat

237 2836 522 2879 criminibus
544 2833 699 2877 below
725 2844 893 2878 means
919 2833 1233 2885 ‘developing
1254 2833 1339 2874 the
1425 2833 1634 2884 ducting
1726 2834 1853 2877 their
1928 2846 2052 2879 case.
2147 2836 2521 2888 innocentiae,

240 2902 473 2953 chargeS.’
537 2901 640 2944 The
671 2901 866 2945 defense
896 2900 981 2943 did
1013 2904 1101 2943 not
1132 2899 1255 2943 wish
1284 2902 1338 2941 to
1426 2899 1829 2945 abstinentiae:
1878 2902 2112 2952 referring
2136 2906 2189 2945 to
2215 2903 2290 2944 his
2314 2902 2525 2955 honesty

240 2969 381 3020 bring
402 2970 489 3012 the
510 2971 693 3011 matter
712 2971 766 3011 to
787 2979 818 3011 a
838 2967 992 3011 direct
1012 2968 1142 3011 issue
1168 2967 1239 3016 (2.
1260 2968 1336 3016 27,
1424 2966 1569 3009 when
1592 2968 1789 3019 serv-ing
1812 2980 1866 3011 as
1891 2973 2122 3018 quaestor
2153 2969 2253 3019 (75)
2281 2969 2332 3011 in
2359 2969 2524 3022 Sicily.

239 3038 290 3081 9.
319 3039 394 3086 23,
429 3037 510 3078 10.
543 3037 708 3085 10-49,
739 3034 876 3085 etc.).
1426 3033 1613 3077 maius
1654 3035 1950 3086 quiddam:
2030 3035 2116 3078 the
2155 3035 2431 3079 overthrow
2470 3035 2525 3080 of

304 3105 376 3147 17.
412 3111 480 3146 ex
518 3102 622 3145 tua
658 3102 888 3147 natura:
964 3101 1250 3152 ‘according
1285 3103 1339 3142 to
1428 3101 1738 3144 HortenSIus'
1779 3101 1961 3146 baleful
1999 3103 2238 3145 influence
2281 3103 2382 3152 (11.
2424 3102 2524 3155 13).

240 3181 364 3222 your
410 3179 523 3212 own
569 3168 765 3211 natural
811 3168 1098 3212 character!
1172 3168 1339 3211 letius
1489 3169 1532 3216 8.
1565 3169 1611 3212 9.
1642 3167 1808 3212 mun:
1863 3168 2121 3220 explained
2151 3169 2221 3222 by
2245 3169 2393 3213 istum
2419 3200 2435 3214 .
2462 3200 2478 3216 .
2508 3199 2524 3216 .

241 3237 518 3288 tempore:
603 3235 711 3279 ‘the
751 3235 1062 3279 defendant's
1101 3235 1338 3279 interest!
1426 3232 1600 3279 vocari.
1662 3236 1803 3280 lam:
1865 3235 2120 3288 ‘already.'

242 3303 342 3347 The
383 3306 555 3345 orator
595 3301 839 3354 shrewdly
881 3302 1224 3354 compliments
1264 3301 1342 3344 his
1494 3304 1567 3346 11.
1601 3303 1879 3354 potentia:
1958 3302 2309 3345 ‘domination'
2347 3303 2400 3346 of
2436 3303 2524 3348 the

242 3373 509 3422 opponent.
551 3368 649 3411 and
688 3369 756 3420 by
793 3368 879 3412 the
914 3372 1134 3412 contrast
1170 3368 1341 3413 makes
1427 3372 1611 3414 courtS.
1686 3369 1987 3421 cupiditas:
2074 3369 2273 3420 ‘greed.'
2313 3370 2407 3413 less
2447 3371 2526 3414 tor

241 3436 339 3479 still
366 3436 566 3479 blacker
589 3436 676 3479 the
699 3446 809 3479 case
831 3435 884 3478 ot
906 3435 982 3478 his
1005 3435 1169 3480 client.
1428 3448 1608 3489 money
1632 3436 1756 3482 than
1782 3437 1857 3478 for
1882 3446 2044 3488 power
2067 3437 2165 3479 and
2192 3448 2395 3481 success·

303 3506 379 3547 20.
414 3503 576 3546 binos
598 3501 787 3547 ludos:
829 3513 910 3546 see
933 3504 1012 3546 10.
1035 3504 1206 3547 35-41.
1263 3503 1340 3546 He
1494 3506 1567 3547 14.
1602 3503 1917 3547 dominatio
1966 3531 1982 3547 .
2032 3531 2048 3547 .
2099 3531 2115 3546 .
2160 3504 2524 3549 iudiciorum:

243 3569 401 3613 would
439 3570 558 3612 thus
591 3570 706 3621 gain
741 3580 772 3612 a
806 3569 951 3622 delay
984 3570 1037 3613 ot
1069 3580 1216 3622 prope
1249 3569 1341 3613 XL
1431 3569 1669 3622 ‘lordship
1697 3569 1795 3613 and
1824 3569 2051 3622 kingship
2078 3569 2131 3613 of
2158 3569 2243 3613 the
2270 3572 2526 3613 courts'—

244 3638 353 3681 dies.
421 3645 574 3683 mea:
638 3647 706 3680 sc.
737 3636 876 3680 ratio.
942 3637 1010 3681 ut
1044 3665 1060 3681 .
1095 3665 1111 3681 .
1147 3665 1162 3680 .
1194 3644 1342 3679 com·
1427 3647 1459 3679 a.
1516 3636 1660 3680 fuller
1717 3636 1996 3689 expression
2052 3635 2107 3680 of
2164 3636 2250 3681 the
2304 3636 2416 3680 idea
2470 3637 2525 3681 ln

248 3704 633 3756 nundinum:
702 3703 840 3746 ‘take
872 3714 936 3746 an
969 3703 1340 3754 adjournment'
1428 3704 1650 3755 potentia,
1672 3703 1706 3747 l.
1733 3705 1806 3747 11.

245 3770 359 3821 atter
386 3771 674 3823 presenting
700 3769 766 3812 all
795 3780 881 3821 my
907 3770 1155 3814 evidence.
1497 3772 1662 3814 15—17.
1697 3778 1836 3822 quot
1871 3769 2144 3814 ubldlmtt
2216 3781 2295 3813 see
2330 3782 2395 3814 on
2433 3770 2522 3818 1v.

307 3840 380 3882 22.
413 3837 638 3882 astuta:
692 3835 895 3890 ‘sliam’
924 3835 1169 3882 ‘shrewm’
1433 3836 1513 3880 ιο.
1540 3839 1585 3881 7.
1642 3837 1706 3880 ιιι
1732 3837 1928 3881 odium
1957 3866 1972 3881 .
2001 3865 2017 3881 .
2047 3866 2062 3880 .
2087 3838 2331 3893 inruere:
2384 3835 2524 3882 ‘ruah
