2913 4338
315 195 440 257 298
1018 193 1167 248 PRO
1225 195 1301 248 Μ.
1361 195 1763 260 MARCELLO
1822 195 2106 251 ORATIO

323 387 380 431 15
413 367 579 430 simi.
668 365 794 430 Sed
825 371 1049 428 tamen
1082 386 1231 428 cum
1261 366 1330 428 in
1361 366 1595 430 animis
1625 366 1963 431 hominum
1996 374 2227 433 tantae
2257 370 2526 436 latebrae
2552 372 2688 436 sint

412 472 480 529 et
509 472 682 529 tanti
707 474 1012 542 recessim,
1042 474 1396 545 augeamus
1423 475 1581 530 sane
1606 468 2038 547 suspicionem
2067 474 2256 532 tuam
2267 489 2285 547 ;
2315 470 2492 533 simul
2514 471 2681 533 enim

419 564 799 644 augebimus
847 564 1267 644 diligentiam.
1357 566 1530 628 Nam
1577 566 1725 647 quis
1770 572 1875 630 est
1920 567 2215 632 omnium
2265 574 2404 632 tam
2447 570 2691 649 ignarus

417 676 652 742 rerum,
690 669 831 728 tam
860 716 873 721 -
899 663 1044 727 udis
1076 663 1146 726 in
1179 675 1250 728 re
1281 665 1565 746 publica,
1603 671 1745 729 tam
1778 666 1940 730 nihil
1973 688 2294 749 umquam
2328 689 2443 734 nec
2473 670 2545 734 de
2572 679 2690 733 sua

419 785 535 829 nec
574 765 654 829 de
691 772 1022 829 commfini
1055 764 1267 828 salute
1303 765 1616 845 cogitans,
1656 774 1771 848 qui
1806 776 1939 830 non
1974 767 2314 848 intellegat
2348 775 2464 832 tua
2494 770 2688 833 salute

322 885 387 930 20
419 865 734 930 contineri
755 884 941 927 suam
964 869 1033 928 et
1053 884 1137 927 ex
1158 874 1350 929 unius
1371 871 1492 929 tua
1512 872 1654 929 vita
1672 867 1955 946 pendere
1976 867 2309 933 omnium?
2392 870 2688 951 Equidem

415 964 497 1030 de
517 971 586 1029 te
608 963 744 1028 dies
764 970 1136 1045 noctesque,
1155 969 1234 1027 ut
1255 965 1482 1042 debeo,
1502 965 1796 1045 cagitans
1816 976 2004 1031 cassis
2020 967 2376 1032 dumtaxat
2393 968 2689 1032 humanas

411 1070 480 1128 et
500 1064 781 1128 incertas
800 1069 1077 1128 eventus
1097 1064 1494 1128 valetudinis
1513 1070 1582 1129 et
1612 1071 1887 1129 naturae
1908 1068 2272 1131 communis
2292 1068 2684 1149 fragilitatem

411 1164 765 1229 extimesco
812 1163 1147 1246 doleoque‚
1199 1183 1350 1228 cum
1395 1175 1499 1228 res
1543 1165 1808 1246 publica
1851 1166 2217 1231 inmortalis
2261 1184 2401 1231 esse
2444 1168 2677 1246 debeat,

411 1285 558 1330 eam
593 1264 663 1328 in
697 1272 892 1328 tinius
926 1264 1221 1328 mortalis
1256 1264 1478 1327 anima
1512 1265 1878 1329 censistere.
1965 1268 2035 1331 Si
2069 1276 2226 1330 vera
2261 1266 2348 1330 ad
2382 1267 2678 1330 humanas
2695 1269 2772 1331 23

316 1383 382 1429 ae
413 1374 600 1429 casus
660 1363 1071 1445 incertosque
1133 1370 1354 1427 motus
1416 1364 1812 1429 valetudinis
1873 1364 2127 1430 sceleris
2187 1367 2390 1430 etiam
2452 1366 2677 1431 accedit

412 1464 921 1545 insidiarumque
952 1464 1304 1541 censensic‘),
1339 1484 1536 1545 quem
1568 1464 1780 1542 deum,
1816 1473 1871 1527 si
1902 1466 2145 1545 cupiat,
2176 1486 2367 1546 posse
2395 1466 2675 1547 opitulari

411 1574 503 1627 rei
530 1564 829 1646 publicae
859 1564 1237 1628 credamus?

491 1665 560 1731 8.
606 1663 844 1728 Omnia
892 1669 1050 1727 sunt
1098 1663 1448 1727 excitanda
1498 1663 1640 1740 tibi,
1674 1664 1742 1728 C.
1778 1665 2048 1742 Caesar‚·
2085 1675 2217 1742 uni,
2275 1685 2443 1750 quae
2491 1667 2673 1730 iacere

411 1770 612 1828 sentis
662 1764 816 1828 belli
860 1763 1064 1845 ipsius
1110 1764 1382 1844 impetu,
1435 1763 1614 1843 quod
1661 1766 1918 1828 necesse
1968 1765 2113 1842 fuit,
2164 1766 2458 1847 perculsa
2497 1773 2672 1847 atque

410 1870 765 1946 prostrata3
800 1862 1258 1928 constituenda
1292 1863 1551 1940 iudicia,
1587 1865 1957 1928 revocanda
1977 1866 2154 1940 fides,
2179 1865 2674 1946 comprimendae

411 1966 727 2042 libidines,
750 1964 1173 2046 propaganda
1201 1963 1480 2040 subolae,
1502 1963 1744 2041 omnia,
1767 1984 1936 2045 quae
1967 1965 2218 2045 dilapsa
2245 1964 2379 2027 iam
2410 1965 2675 2028 difflfixe-

347 2084 379 2129 5
409 2070 583 2142 runt,
617 2074 856 2128 severis
880 2065 1129 2144 legibus
1167 2062 1514 2126 vincienda
1542 2068 1717 2126 sunt.
1806 2064 1955 2127 Non
1993 2064 2123 2128 fuit
2160 2067 2582 2130 recusandum
2611 2063 2673 2125 in
2687 2064 2759 2127 24

409 2172 602 2230 tants)
650 2164 822 2229 civili
866 2163 1055 2242 bello,
1103 2168 1296 2227 tanta
1341 2163 1710 2228 animorum
1757 2163 1986 2228 ardare
2030 2168 2099 2228 et
2145 2176 2490 2242 armarum‚
2535 2172 2673 2246 quin

410 2272 721 2346 quassata
762 2275 863 2328 res
902 2263 1184 2345 publica,
1230 2273 1627 2345 quicumque
1667 2264 1819 2328 belli
1861 2270 2135 2328 eventus
2197 2265 2444 2342 fuisset,
2487 2265 2674 2328 multa

408 2366 706 2446 perderet
742 2371 810 2428 et
846 2370 1231 2428 Ornamenta
1264 2364 1605 2442 dignitatis
1636 2369 1707 2427 et
1738 2364 2060 2445 praesidia
2093 2365 2471 2429 stabilitatis
2513 2384 2667 2436 suae,

409 2466 747 2545 multaque
776 2471 1051 2544 uterque
1082 2464 1219 2526 dux
1247 2463 1493 2526 faceret
1522 2470 1833 2540 armatus,
1866 2483 2035 2545 quae
2063 2464 2237 2527 idem
2267 2471 2526 2546 togatus
2553 2465 2672 2526 fieri

318 2584 377 2629 10
407 2566 864 2647 prohibuisset.
950 2563 1132 2640 Quae
1192 2562 1458 2646 quidem
1520 2561 1645 2626 tibi
1705 2583 1878 2627 nunc
1939 2564 2160 2628 omnia
2217 2564 2371 2628 belli
2431 2565 2673 2627 vulnera

407 2666 699 2730 sananda
735 2670 910 2741 sunt,
951 2664 1189 2745 quibus
1223 2669 1486 2743 praeter
1520 2667 1590 2726 te
1626 2662 1868 2725 mederi
1904 2673 2097 2728 nemo
2132 2669 2373 2745 potest.
2459 2663 2751 2743 Itaque25

408 2765 584 2828 illam
628 2771 814 2828 tuam
859 2763 1439 2844 praeclarissimam
1482 2768 1552 2825 et
1591 2762 2140 2843 sapientissimam
2183 2775 2412 2828 vacem
2454 2764 2675 2826 invitus
2819 2748 2820 2763 ¹

479 2927 548 2977 18,
586 2928 658 2969 19.
693 2926 817 2968 tam
853 2952 867 2967 .
904 2953 920 2967 .
957 2952 972 2967 .
1006 2923 1282 2974 cogitans:
1331 2921 1410 2965 ‘so
1433 2920 1509 2963 in·
1593 2924 1690 2965 etc.
1755 2922 1930 2965 Caesar
1957 2921 2152 2966 himself
2180 2921 2287 2965 and
2315 2924 2447 2967 after
2473 2921 2569 2965 him
2598 2921 2677 2964 Oe-
2814 2896 2816 2955 A

410 2991 632 3044 variably
647 2992 864 3035 heedless
879 2992 931 3034 of
946 2989 1287 3040 hisown,'etc.
1593 2989 1768 3032 tavian
1819 2988 2111 3040 (Augustus)
2156 2988 2312 3042 really
2354 2988 2442 3034 did
2484 2989 2673 3040 attempt
2812 2990 2814 3045 4

474 3062 550 3103 20.
582 3058 843 3111 pendere:
876 3056 1025 3101 What
1047 3057 1090 3100 is
1112 3055 1200 3100 the
1220 3055 1447 3106 subject?
1595 3055 1736 3098 these
1750 3067 1873 3108 very
1887 3056 2108 3099 reforma.
2810 3052 2812 3133 A

475 3128 550 3171 21.
583 3125 886 3170 dumtaxat
908 3124 1214 3168 humanae:
1258 3121 1508 3175 ‘only'the
1659 3124 1704 3165 4.
1739 3122 2101 3174 propaganda
2128 3120 2376 3168 subolem
2408 3121 2544 3167 Laws
2567 3129 2674 3164 were

408 3192 640 3237 natural!
1595 3187 1772 3240 passed
1797 3187 1956 3231 which
1991 3187 2202 3239 granted
2239 3189 2420 3241 special
2443 3188 2674 3243 privileges

475 3261 547 3302 26.
584 3257 894 3302 consensio:
1025 3255 1335 3308 ‘conspiracy
1345 3254 1511 3298 ³—ab·
1595 3254 1695 3298 and
1728 3255 2038 3308 exemptione
2070 3258 2131 3300 to
2163 3254 2354 3300 tathei-s
2386 3256 2441 3299 ot
2472 3255 2599 3299 three
2626 3262 2675 3297 or

409 3330 580 3370 straet.
1596 3331 1729 3365 more
1744 3321 1982 3365 children.

1658 3390 1704 3432 6.
1736 3388 1903 3433 tanto
1929 3416 1946 3434 .
1982 3418 1999 3434 .
2034 3418 2051 3434 .
2082 3397 2396 3434 umerum:
2474 3388 2548 3432 ‘in
2570 3385 2671 3431 such

479 3457 587 3502 You
625 3458 775 3510 alone,
817 3457 1005 3508 Caesar.
1047 3467 1138 3501 ean
1173 3457 1341 3500 restore
1377 3466 1512 3508 proe-
1595 3454 1710 3498 heat
1726 3456 1779 3499 of
1794 3456 2017 3508 passione
2029 3456 2131 3500 and
2146 3456 2198 3500 ot
2211 3454 2450 3500 wal-fare!

411 3526 578 3580 peritv.
641 3524 752 3569 You
773 3524 888 3569 have
909 3525 1030 3568 done
1050 3523 1179 3576 areat
1200 3522 1511 3575 minoe—live
1660 3523 1703 3572 7.
1737 3523 1782 3568 8.
1817 3520 2027 3567 munta:
2072 3521 2195 3567 with
2235 3522 2278 3566 et
2337 3521 2603 3567 ornamenta
2634 3514 2670 3564 d

408 3593 457 3638 to
482 3594 542 3636 do
566 3593 758 3644 creater.
1185 3628 1190 3632 .
1595 3588 1856 3640 praesidia.
1922 3588 2201 3641 perderet:
2252 3587 2410 3632 ‘leem⁸

476 3655 530 3708 8.
566 3660 608 3702 1.
644 3658 860 3702 omma:
890 3655 1219 3709 anticipating
1234 3653 1510 3700 thedetasss
1662 3657 1734 3705 11.
1771 3657 1846 3699 12.
1880 3655 2113 3708 mnibus}
2144 3665 2225 3699 see
2252 3665 2319 3698 on
2351 3655 2418 3699 Μ.
2448 3654 2501 3701 1..
2529 3656 2574 3699 0.
2601 3651 2665 3697 47.

411 3725 666 3777 expressed
686 3725 755 3776 by
776 3725 862 3767 the
888 3723 1153 3773 gerundive
1178 3721 1365 3767 clauses
1381 3721 1435 3765 in
1458 3722 1506 3769 ll.
1594 3719 1779 3765 mam:
1812 3720 1947 3766 ‘that
1983 3720 2342 3767 well-known?
2377 3721 2522 3766 much
2553 3726 2663 3764 moze

412 3791 757 3839 8-5-·courts
775 3783 1258 3840 establishedjeredit
1276 3787 1509 3838 revived,’
1595 3788 2007 3840 eompnmentary
2042 3787 2167 3833 than
2199 3787 2346 3833 mam
2368 3788 2526 3835 would
2556 3786 2662 3831 hm
