2913 4338
281 282 405 346 214
1030 282 1133 337 DE
1193 281 1515 337 IMPERIO
1570 281 1686 336 CN.
1747 280 2028 336 POMPEI

382 468 515 540 quo
546 478 727 539 spem
759 458 985 521 essetis
1015 457 1322 532 habitur-1,
1358 456 1533 536 cepit
1565 475 1875 535 magnum
1907 475 2063 530 suae
2095 456 2362 520 virtutis
2393 457 2685 521 fructum

316 577 349 620 5
384 579 459 621 ac
499 557 854 637 dignitatis,
895 576 1044 620 cum
1080 566 1306 620 omnes
1342 564 1477 618 una
1511 574 1713 635 prope
1750 564 1909 618 voce
1944 556 2014 617 in
2050 565 2128 618 eo
2164 556 2306 637 ipso
2343 566 2461 620 vos
2496 577 2684 639 spem

380 657 719 720 habituros
748 675 886 718 esse
917 654 1189 718 dixistis».
1283 654 1546 718 Etenim
1578 654 1730 718 talis
1758 661 1859 719 est
1889 655 2009 729 vir,
2041 662 2120 719 ut
2149 656 2329 719 nulla
2355 666 2458 719 res
2488 662 2685 721 tanta

381 757 468 820 sit
511 778 585 819 ac
630 761 770 818 tam
815 754 1108 831 difficilis,
1155 775 1355 837 quam
1401 754 1505 817 ille
1548 764 1681 817 non
1722 760 1792 818 et
1835 755 2102 819 consilio
2143 776 2360 836 regere
2402 762 2471 820 et
2515 757 2685 821 inte-

377 857 617 937 gritate
650 861 820 919 tueri
852 861 921 919 et
954 855 1199 917 virtute
1233 855 1545 918 conficere
1576 855 1801 936 possit.
1891 855 2018 919 Sed
2051 855 2119 917 in
2151 856 2273 920 hoc
2307 856 2450 937 ipso
2483 858 2567 920 ab
2602 867 2683 922 ef)

378 955 945 1019 vehementissime
979 955 1308 1031 dissentio,
1345 953 1543 1034 quod,
1580 964 1712 1034 quo
1745 953 1960 1016 minus
1993 961 2173 1018 certa
2205 961 2304 1018 est
2336 956 2681 1021 hominum

284 1075 345 1117 10
379 1078 452 1120 ac
493 1056 709 1117 minus
748 1055 1060 1117 diuturna
1098 1060 1257 1130 vita,
1300 1053 1421 1116 hoc
1465 1053 1669 1134 magis
1705 1063 1808 1117 res
1846 1055 2127 1135 publica,
2172 1054 2329 1117 dum
2367 1075 2483 1134 per
2523 1056 2683 1119 deos

377 1155 778 1220 immortales
829 1154 1000 1230 licet,
1057 1154 1185 1215 frui
1239 1153 1434 1217 debet
1488 1162 1729 1216 summi
1780 1153 1904 1215 viri
1956 1160 2099 1216 vita
2153 1159 2351 1233 atque
2406 1155 2677 1219 virtute.

376 1256 465 1319 At
518 1255 691 1319 enim
745 1263 828 1317 ne
881 1252 1039 1333 quid
1093 1261 1250 1316 novi
1301 1253 1423 1316 fiat
1478 1257 1707 1316 contra
1758 1253 2058 1334 exempla
2112 1258 2312 1333 atque
2364 1255 2678 1319 instituta
2698 1256 2795 1319 60

376 1355 715 1418 maiorum.
807 1354 866 1416 N
871 1363 955 1417 on
985 1352 1198 1415 dicam
1227 1353 1348 1415 hoc
1378 1351 1520 1415 loco
1549 1352 1824 1415 maiores
1853 1358 2109 1416 nostros
2136 1372 2390 1432 semper
2418 1354 2486 1415 in
2514 1363 2680 1435 pace

377 1452 850 1529 consuetudini,
886 1452 955 1514 in
986 1452 1156 1515 bello
1188 1452 1464 1514 utilitati
1495 1444 1818 1538 paruisse*
1841 1471 2095 1531 semper
2129 1452 2213 1515 ad
2246 1463 2452 1517 novos
2487 1464 2679 1518 cassis

282 1572 342 1615 15
375 1561 746 1635 temporum
793 1561 1113 1640 novorum
1160 1551 1572 1614 consiliorum
1617 1539 1904 1614 rationes
1948 1551 2491 1629 accommodasse,
2540 1564 2679 1617 non

377 1653 589 1716 dicam
626 1652 756 1717 duo
789 1652 961 1715 bella
994 1650 1301 1727 maxima,
1339 1650 1660 1713 Punicum
1696 1656 1897 1730 atque
1933 1650 2382 1732 Hispaniense,
2419 1654 2503 1716 ab
2541 1663 2679 1718 ῡῐιό

375 1752 766 1834 imperatore
817 1771 955 1814 esse
1005 1750 1303 1815 confecta
1354 1750 1648 1832 duasque
1698 1751 1892 1814 urbes
1940 1751 2447 1831 potentissimas,
2503 1774 2678 1834 quae

299 1851 303 1855 ’
374 1852 524 1916 huic
569 1851 840 1933 imperio
886 1851 1170 1914 maxime
1216 1850 1713 1926 minitabantur,
1764 1849 2240 1930 Karthaginem
2287 1857 2486 1933 atque
2535 1854 2598 1916 N
2602 1874 2679 1915 u-

374 1953 714 2028 mantiam,
757 1953 840 2015 ab
881 1949 1110 2014 eedem
1151 1950 1448 2031 Scipione
1487 1970 1625 2012 esse
1666 1949 1931 2027 deletas,
1975 1960 2107 2014 non
2147 1955 2679 2018 commemorabo

276 2071 342 2114 20
372 2062 581 2134 nuper
621 2052 717 2114 ita
759 2052 946 2113 vobis
987 2050 1413 2130 patribusque
1456 2054 1692 2112 vestris
1732 2069 1870 2112 esse
1913 2058 2149 2126 visum,
2194 2056 2272 2114 ut
2311 2051 2381 2112 in
2423 2061 2556 2115 sino
2601 2054 2672 2117 C.

375 2152 578 2216 Mario
606 2161 753 2231 spes
779 2150 1034 2230 imperii
1059 2156 1427 2232 poneretur,
1460 2154 1538 2213 ut
1563 2149 1737 2213 idem
1767 2168 1917 2213 cum
1948 2150 2286 2229 Iugurtha,
2316 2150 2489 2214 idem
2521 2174 2675 2216 cum

370 2253 666 2329 CimbrIS,
702 2251 876 2314 ‘idem
912 2270 1060 2314 cum
1095 2251 1408 2315 Teutonis
1441 2250 1684 2312 bellum
1721 2249 2207 2315 administraret
2216 2271 2233 2328 ;
2268 2251 2337 2312 in
2370 2251 2513 2333 ipso
2547 2255 2666 2317 Cn.
2692 2256 2772 2316 61

373 2352 702 2433 Pompeio,
726 2351 794 2412 in
815 2359 947 2432 quo
966 2358 1122 2414 novi
1143 2351 1453 2412 constitui
1474 2348 1633 2412 nihil
1654 2350 1801 2413 vult
1820 2350 1897 2426 Q.
1923 2350 2212 2426 CatuluS,
2236 2371 2436 2433 quam
2458 2352 2676 2416 multa

373 2454 506 2516 sint
543 2472 716 2516 nova
753 2460 1010 2512 summa
1047 2450 1120 2526 Q.
1163 2448 1379 2512 Catuli
1415 2449 1760 2512 voluntate
1798 2449 2178 2525 constituta,
2219 2451 2670 2514 recordamini.

371 2627 565 2678 against
590 2624 676 2668 the
701 2622 944 2667 GabInian
966 2621 1076 2673 law,
1102 2620 1347 2666 delivered
1370 2622 1422 2665 in
1446 2633 1477 2665 a
1568 2620 1651 2665 the
1685 2621 2040 2672 conservative.
2080 2621 2090 2639 ¹
2104 2622 2191 2666 Let
2227 2622 2436 2674 nothing
2466 2635 2575 2668 new
2610 2626 2676 2670 be

370 2694 540 2737 contio.
600 2692 703 2735 The
728 2691 882 2734 direct
909 2690 1074 2740 object
1101 2690 1153 2732 of
1177 2690 1409 2740 quaereret
1434 2688 1477 2731 is
1566 2689 1736 2732 donet'
1829 2688 2082 2741 exempla
2142 2691 2315 2742 atque
2372 2690 2674 2737 instituta:

372 2760 459 2804 the
483 2760 646 2802 clause
668 2758 725 2801 in
748 2769 839 2810 quo
864 2788 879 2801 .
905 2789 918 2801 .
946 2787 960 2800 .
983 2756 1209 2800 habituri.
1266 2756 1313 2799 11
1339 2755 1478 2807 quid
1568 2754 1674 2797 ‘the
1691 2754 1978 2798 traditional
1996 2755 2269 2807 practices!
2319 2757 2443 2800 Non
2460 2757 2676 2805 dicam:

371 2827 541 2871 esset:
590 2824 710 2869 ‘and
734 2823 981 2875 anything
1001 2822 1176 2865 should
1199 2821 1398 2873 happen
1421 2825 1476 2863 to
1564 2831 1595 2863 a
1624 2832 1745 2872 very
1774 2821 2002 2864 effective
2029 2833 2117 2865 use
2145 2822 2198 2864 of
2227 2824 2512 2873 praeteritio.

371 2893 499 2937 him’
539 2892 620 2942 (ci.
654 2891 743 2935 1v.
775 2891 826 2934 2.
859 2888 930 2940 6).
995 2897 1082 2932 eo:
1146 2888 1223 2931 for
1253 2899 1364 2931 case
1395 2898 1476 2930 see
1631 2889 1799 2932 14-17.
1846 2887 1918 2930 ad
1959 2916 1975 2931 .
2017 2917 2031 2932 .
2074 2917 2089 2931 .
2126 2889 2500 2933 rationea=ad
2549 2902 2677 2935 nova

372 2962 431 3004 A.
476 2961 581 3010 403,
629 2961 672 3009 2,
718 2966 765 3006 c;
808 2956 868 3000 B.
912 2957 1020 3007 218.
1065 2957 1116 3004 ὃς
1159 2954 1226 2999 H.
1270 2956 1378 3005 474,
1423 2955 1474 3004 3;
1565 2953 1777 3004 tempora
1829 2963 1955 2996 nova
2007 2955 2233 3004 cons-ilia,
2286 2956 2550 3007 temporum
2590 2959 2677 3002 de-

373 3027 521 3070 H.-B.
546 3027 652 3075 423,
677 3023 728 3070 b.
1565 3021 1721 3072 pends
1746 3030 1813 3062 on
1837 3031 1993 3071 casus,
2020 3031 2248 3064 novorum
2272 3023 2580 3067 consiliorum
2607 3036 2675 3068 on

434 3096 478 3142 5,
499 3095 545 3137 6.
580 3100 715 3136 eum
742 3120 757 3135 .
786 3120 802 3133 .
830 3118 845 3134 .
871 3089 1113 3133 dixistis:
1163 3088 1237 3132 ‘in
1259 3086 1348 3131 the
1371 3088 1474 3131 fact
1565 3087 1786 3130 rationes.
1860 3086 2254 3139 Hispaniense:
2335 3088 2450 3134 here
2491 3092 2544 3134 of
2586 3091 2676 3136 the

370 3160 482 3203 that
519 3169 617 3211 you
652 3157 718 3201 all
751 3155 892 3202 said!
959 3164 1024 3200 eo
1055 3155 1202 3207 ipso:
1270 3154 1475 3198 Catulus
1565 3154 1693 3204 siege
1715 3152 1768 3195 of
1792 3151 2081 3205 Numantia,
2106 3153 2365 3200 elsewhere
2386 3157 2439 3199 of
2461 3157 2548 3200 the
2570 3169 2675 3201 war

369 3226 580 3270 himself,
1564 3220 1686 3262 with
1715 3219 1979 3268 Sertorius:
2023 3220 2087 3264 cf.
2117 3222 2168 3264 4.
2203 3223 2275 3265 11.
2336 3231 2455 3266 uno
2495 3224 2675 3276 impe-

431 3293 573 3335 8—11.
609 3291 740 3335 hoo:
770 3289 892 3334 ‘this
907 3288 1198 3333 sentiment’
1212 3286 1474 3340 expressed
1563 3286 1772 3329 ταῖσι-οε
1851 3286 2017 3337 Scipio
2055 3287 2375 3340 Aemilianus,
2403 3288 2529 3340 wh0‚
2557 3301 2674 3333 con-

369 3357 439 3410 by
462 3357 664 3401 Catulus
682 3358 734 3399 in
755 3356 832 3399 his
853 3356 1081 3406 question
1100 3359 1155 3399 to
1176 3354 1262 3397 the
1282 3353 1472 3405 people.
1563 3355 1701 3405 trax-y
1722 3355 1778 3395 to
1798 3351 1886 3396 the
1904 3351 1999 3395 law
2021 3354 2074 3396 ot
2094 3354 2180 3398 the
2201 3355 2336 3401 time.
2359 3366 2460 3398 was
2482 3355 2673 3400 elected

369 3424 546 3477 quod:
643 3422 906 3468 ‘because’
986 3429 1099 3474 quo
1149 3451 1164 3465 .
1215 3450 1230 3464 .
1281 3449 1297 3464 .
1344 3419 1473 3463 hoe:
1561 3416 1731 3462 consul
1759 3419 1916 3470 twice,
1946 3419 2001 3462 In
2031 3422 2122 3465 147
2148 3420 2249 3464 and
2280 3423 2385 3465 134.

369 3501 592 3534 measure
613 3490 665 3533 of
686 3489 1023 3533 difference—‘
1033 3488 1107 3532 the
1124 3486 1220 3531 less
1241 3498 1352 3530 sure
1373 3485 1474 3528 and
1624 3488 1698 3536 20,
1722 3487 1798 3531 21.
1833 3494 2038 3538 nuper:
2083 3487 2238 3532 about
2262 3488 2397 3540 forty
2420 3499 2564 3541 years
2589 3490 2673 3533 be-

368 3558 612 3608 enduring
644 3557 687 3600 is
722 3556 882 3600 man’s
918 3556 1003 3600 life
1036 3555 1112 3599 the
1144 3565 1281 3598 more
1317 3553 1473 3604 ought
1561 3553 1677 3603 fore,
1706 3555 1759 3595 at
1799 3552 1887 3597 the
1922 3553 2087 3598 threat
2125 3554 2179 3597 of
2211 3554 2439 3598 invasion
2476 3554 2547 3608 by
2585 3557 2674 3600 the

369 3624 457 3668 the
486 3624 651 3675 state,’
682 3627 778 3668 etc.
841 3622 1056 3667 summi
1088 3651 1104 3666 .
1138 3651 1155 3666 .
1187 3650 1203 3665 .
1234 3620 1473 3664 virtute:
1561 3619 1744 3673 Cimbri
1776 3618 1879 3663 and
1912 3620 2158 3664 Teutones
2188 3620 2305 3670 (ΙΙΙ.
2332 3621 2413 3664 10.
2443 3621 2543 3673 10).
2613 3623 2672 3667 0.

369 3690 534 3735 notice
555 3690 641 3734 the
662 3689 975 3736 alliteration.
1029 3689 1137 3732 viri
1157 3688 1278 3731 vita
1301 3687 1476 3738 atque
1562 3687 1765 3731 Mauo:
1812 3686 1877 3730 he
1890 3697 1993 3730 was
2007 3687 2195 3731 elected
2209 3686 2380 3730 consul
2406 3688 2505 3732 five
2525 3690 2672 3733 times

370 3757 743 3802 virtute==viri
770 3757 952 3805 virtute,
984 3756 1100 3799 dum
1128 3754 1259 3799 vivit.
1561 3754 1612 3796 in
1641 3752 1931 3804 succession,
1964 3752 2154 3806 though
2183 3753 2252 3806 by
2280 3754 2368 3798 the
2393 3753 2490 3798 law
2520 3756 2574 3798 oi
2595 3755 2673 3799 his

439 3827 509 3876 12,
535 3826 608 3869 13.
643 3823 717 3867 At
736 3824 913 3866 enlm:
949 3822 1025 3864 for
1042 3833 1127 3865 use
1145 3832 1224 3864 see
1242 3831 1307 3862 on
1327 3821 1407 3863 1⁷.
1428 3822 1472 3862 9.
1562 3821 1682 3863 time
1704 3822 1790 3863 ten
1813 3829 1955 3871 years
1992 3824 2123 3863 must
2162 3820 2416 3865 intervene
2451 3822 2621 3866 before
2638 3833 2671 3866 a

372 3892 450 3936 He
470 3890 584 3935 here
603 3893 777 3940 quotes
801 3887 1054 3941 ironically
1083 3887 1169 3931 the
1197 3886 1279 3929 old
1308 3897 1394 3938 cry
1422 3887 1476 3928 of
1562 3887 1861 3939 magistracy
1880 3886 2026 3930 could
2060 3886 2123 3929 be
2141 3886 2253 3930 held
2279 3898 2309 3930 a
2329 3888 2511 3931 second
2530 3888 2669 3936 time.
