2913 4338
1067 270 1232 329 cAP.
1274 272 1326 336 7,
1372 251 1447 347 §g
1501 272 1673 324 15-19
2490 266 2609 330 189

211 457 274 515 si
322 450 667 531 vectigalia
719 457 951 513 nervos
999 467 1138 512 esse
1186 455 1283 509 rel
1325 445 1626 530 publicae
1675 466 1928 527 semper
1978 446 2303 523 duximus,
2354 465 2503 510 eum

213 556 391 614 certe
414 551 729 626 ordinem,
753 556 868 629 qui
886 552 1144 610 exercet
1163 546 1291 623 illa,
1315 546 1805 610 firmamentum
1826 551 2186 610 ceterorum
2210 546 2509 610 ordinum

119 667 175 709 ιο
211 656 391 713 recte
418 669 558 712 esse
588 649 894 711 dicemus.
984 645 1234 709 Deinde
1260 664 1344 709 ex
1371 652 1600 709 ceteris
1630 645 1962 709 Ordinibus
1989 645 2283 710 homines
2310 654 2508 725 gnavi
2531 647 2610 708 18

212 756 420 830 atque
471 747 776 811 industrii
824 744 1066 827 partim
1115 745 1240 826 ipsi
1287 743 1357 807 in
1408 745 1565 808 Asia
1612 745 2050 825 negotiantur,
2104 746 2341 826 quibus
2391 754 2511 808 vas

213 849 603 913 absentibus
651 846 977 910 consulere
1044 844 1312 921 debetis,
1359 844 1604 927 partim
1669 854 1894 908 eorum
1940 844 2008 906 in
2054 854 2133 909 ea
2176 845 2513 926 provincia

211 948 529 1030 pecunias
584 956 853 1026 magnas
906 945 1251 1011 collocatas
1304 945 1569 1009 habent.
1660 947 1780 1008 Est
1832 945 2030 1025 igitur
2080 944 2511 1008 hamanitatis

213 1055 478 1111 vestrae
509 1066 820 1125 magnum
850 1065 1191 1107 numerum
1222 1054 1444 1107 eorum
1476 1045 1716 1108 civium
1748 1045 2122 1108 calamitate
2150 1045 2510 1125 prohibere,

119 1165 169 1208 ιε
213 1148 581 1228 sapientiae
624 1146 843 1209 videre
883 1144 1240 1207 multorum
1283 1145 1525 1207 civium
1569 1146 2010 1208 calamitatem
2054 1154 2097 1209 a
2129 1154 2206 1212 ,re
2252 1145 2515 1226 pfiblica

213 1247 586 1311 seifinctam
622 1265 759 1308 esse
795 1254 926 1307 non
959 1264 1167 1326 posse.
1257 1244 1520 1307 Etenim
1556 1254 1840 1326 primum
1877 1244 2035 1307 illud
2070 1253 2260 1327 parvi
2295 1245 2509 1322 refert,

214 1356 338 1410 nos
389 1345 758 1428 pfiblicam‘s
808 1345 1059 1407 omissis
1110 1345 1454 1424 vectigalia
1503 1352 1734 1426 postea
1785 1335 2061 1408 victoria
2109 1355 2512 1425 recuperarc;
2609 1395 2613 1399 .

216 1466 433 1527 neque
467 1445 643 1508 enim
674 1443 881 1507 isdem
913 1443 1272 1507 redimendi
1303 1444 1583 1507 facultas
1615 1444 1739 1507 erit
1769 1450 2038 1525 propter
2071 1444 2513 1508 calamitatem
2564 1443 2568 1446 “

218 1566 433 1627 neque
501 1544 642 1609 aliis
706 1544 1011 1609 voluntas
1073 1551 1342 1626 propter
1404 1544 1725 1608 timorem.
1816 1544 2085 1623 Deinde,
2152 1544 2329 1627 quod
2392 1554 2513 1608 nos
2534 1546 2612 1608 19

115 1662 165 1708 2(
218 1647 452 1710 eadem
503 1644 660 1708 Asia
708 1651 907 1725 atque
955 1644 1129 1707 idem
1178 1644 1301 1707 iste
1351 1644 1762 1708 Mithridates
1809 1645 1998 1709 initio
2044 1646 2198 1709 belli
2246 1646 2516 1709 Asiatici

222 1746 468 1822 docuit,
529 1745 599 1808 id
655 1744 918 1825 quidem
975 1749 1150 1809 certe
1207 1744 1581 1808 calamitate
1640 1745 1817 1808 docti
1874 1745 2187 1809 memoria
2241 1746 2518 1809 retinere

221 1846 556 1909 debemus.
646 1844 818 1907 Nam
844 1851 1009 1920 tum,
1039 1863 1188 1907 cum
1213 1843 1282 1905 in
1319 1844 1474 1906 Asia
1510 1854 1609 1907 res
1645 1854 1914 1925 magnas
1947 1844 2257 1930 permulti
2291 1854 2521 1909 amise-

219 1951 395 2023 rant,
430 1954 671 2008 scimus
703 1944 951 2006 Romae
982 1943 1303 2007 solfiti6ne
1333 1942 1652 2024 impedita
1682 1944 1877 2006 fidem
1910 1944 2279 2009 concidisse.
2368 1946 2428 2009 N
2432 1955 2519 2009 ὅτι

219 2044 398 2109 enim
437 2049 717 2127 possunt
755 2053 886 2107 una
923 2042 991 2105 in
1031 2043 1299 2107 civitate
1338 2043 1532 2106 multi
1568 2064 1704 2107 rem
1746 2066 1820 2107 ac
1861 2044 2157 2108 fortfinas
2195 2044 2517 2123 amittere,
2560 2099 2564 2104 .
2610 2123 2625 2138 ⁶

121 2162 192 2208 2.
220 2152 306 2210 ut
343 2155 475 2209 nan
512 2144 728 2227 plfires
764 2154 982 2208 secum
1018 2143 1087 2206 in
1123 2143 1397 2206 eandem
1436 2144 1709 2208 trahant
1745 2144 2208 2208 calamitatem.
2295 2133 2355 2207 Ᾰ
2392 2153 2526 2227 qu6

220 2245 515 2328 pericula
551 2244 889 2331 prohibete
927 2265 1064 2307 rem
1100 2243 1431 2325 pablicam
1470 2251 1540 2308 et
1577 2244 1738 2307 mihi
1777 2244 2038 2321 credite,
2079 2244 2147 2308 id
2185 2244 2364 2326 quod
2400 2244 2525 2326 ipsi

222 2345 487 2420 videtis,
528 2346 685 2407 haec
725 2344 883 2407 fides
920 2350 1120 2424 atque
1156 2345 1313 2407 haec
1351 2344 1522 2407 ratio
1557 2328 2004 2425 pecuniarum,
2044 2365 2213 2426 quae
2252 2345 2523 2422 Romae,

295 2536 342 2586 8,
362 2535 410 2580 9.
442 2542 668 2580 nervon
735 2533 963 2578 ¹sinews.’
1029 2542 1164 2578 oum
1199 2534 1339 2577 ordi-
1427 2545 1481 2578 as
1514 2532 1840 2586 humanitatis,
1876 2534 1909 2580 l.
1948 2536 2005 2579 13
2046 2536 2143 2584 (see
2175 2538 2292 2579 note
2324 2544 2390 2578 on
2423 2533 2524 2583 111.

226 2610 393 2648 nem:
434 2613 502 2646 cc.
524 2601 908 2654 publicanorum:
931 2602 1096 2645 Cicero
1117 2602 1287 2644 makes
1310 2613 1339 2645 a

224 2669 414 2723 special
447 2667 704 2712 sub-order
736 2669 788 2711 of
821 2668 962 2711 those
994 2667 1197 2719 knights
1229 2668 1339 2711 who

226 2736 425 2780 farmed
447 2735 534 2779 the
552 2745 815 2779 revenueS.
861 2736 1177 2778 ceterorum
1200 2735 1340 2779 ordi-

228 2810 405 2848 num:
450 2801 537 2846 the
559 2801 822 2845 senatorial
846 2802 1002 2851 order.
1030 2801 1115 2844 the
1138 2800 1341 2852 knights

227 2869 345 2913 who
379 2880 505 2913 were
535 2872 625 2913 not
658 2868 920 2921 publicani,
955 2869 1056 2912 and
1090 2867 1177 2911 the
1209 2878 1342 2913 com-

228 2946 396 2980 mons.

301 3005 471 3047 10-13.
505 3003 760 3047 homino·
798 3003 1009 3054 partim
1041 3001 1171 3054 ipsi:
1236 3002 1340 3045 rich

230 3069 535 3114 individuale
568 3069 677 3113 who
713 3069 898 3112 carried
935 3080 1000 3112 on
1035 3069 1255 3112 business
1288 3069 1341 3112 in

232 3136 322 3180 the
344 3136 600 3188 provinces
618 3136 670 3179 in
691 3146 867 3189 person
889 3147 945 3180 as
966 3134 1191 3185 bankers‚
1215 3146 1341 3178 mer-

232 3202 415 3246 chants
449 3202 548 3246 and
582 3203 916 3254 ship-ownerS.
988 3202 1338 3246 absentibus:

234 3273 325 3313 not
363 3270 476 3313 here
511 3273 564 3313 at
600 3268 757 3312 Rome
792 3272 846 3313 to
883 3269 1035 3322 speak
1071 3270 1148 3312 for
1183 3268 1340 3312 them-

233 3337 408 3380 selveS.
487 3337 697 3388 partim
755 3337 1106 3380 eomm=alii
1163 3349 1336 3388 eorum,

235 3402 480 3455 probably
499 3404 727 3454 meaning
746 3408 980 3455 senators,
1004 3404 1127 3455 who,
1150 3404 1339 3456 though

234 3469 498 3513 forbidden
521 3474 574 3513 to
595 3481 779 3521 engage
800 3473 853 3514 in
877 3472 1030 3522 trade,
1057 3483 1179 3515 were
1201 3473 1338 3515 often

235 3537 384 3580 silent
421 3540 644 3588 partners
679 3537 731 3579 ot
767 3537 852 3582 the
888 3538 1087 3588 knights
1122 3539 1174 3581 in
1209 3538 1338 3581 busi-

235 3614 349 3647 ness
368 3604 649 3656 operations
670 3604 722 3647 in
746 3604 830 3647 the
852 3605 1123 3656 provinces,
1178 3614 1340 3656 pecu-

236 3671 386 3714 mu:
435 3672 589 3713 ‘sums
625 3672 676 3714 of
701 3670 925 3722 money!
982 3670 1329 3714 collocatas=

232 3737 501 3788 occupatae,
532 3739 583 3780 2.
612 3738 663 3784 8:
693 3737 768 3779 for
796 3736 961 3779 habent
989 3737 1086 3780 and
1116 3737 1201 3780 the
1229 3748 1338 3789 par-

234 3802 402 3856 ticiple
429 3804 493 3847 cf.
522 3803 619 3846 111.
654 3804 703 3846 7.
736 3801 792 3844 13
819 3800 919 3845 and
946 3805 1078 3846 note.

304 3871 379 3916 15.
410 3868 747 3922 sapientiae:

830 3877 963 3911 Same
1004 3873 1338 3913 construction
1375 3888 1385 3909 ι

1427 2604 1507 2647 12.
1532 2604 1600 2653 4).
1668 2613 1703 2647 a
1748 2613 1808 2647 re
1855 2603 2172 2656 pubnca=a
2205 2603 2275 2646 rei
2308 2604 2525 2656 publicae

1425 2670 1704 2715 calamitate.

1493 2738 1565 2780 16.
1599 2736 1875 2788 primum:

1425 2804 1550 2852 inde,
1573 2802 1606 2846 1.
1634 2805 1707 2848 19.

1494 2871 1565 2912 18.
1598 2865 1934 2914 redimendi:
2008 2869 2233 2920 ‘bidding
2265 2869 2350 2920 in‚’
2387 2870 2523 2914 tech-

1427 2934 1553 2979 nical
1594 2939 1719 2979 term
1759 2937 1835 2979 τοι·
1874 2936 2095 2986 securlng
2133 2936 2307 2988 charge
2345 2938 2397 2980 of
2435 2937 2523 2982 the

1426 3003 1681 3046 collection
1711 3004 1763 3046 ot
1792 3006 1934 3046 taxes
1963 3006 2016 3046 at
2047 3002 2212 3056 public
2242 3004 2456 3049 auction.

1489 3072 1565 3120 22.
1584 3070 1659 3113 23.
1693 3077 1804 3113 roc:
1898 3070 1975 3112 tor
2022 3069 2088 3121 pl.
2137 3080 2216 3113 see
2262 3080 2328 3113 on
2374 3070 2424 3114 2.
2472 3072 2520 3117 7.

1425 3137 1755 3180 amiserant:
1832 3137 1908 3179 tor
1944 3135 2092 3178 mood
2131 3135 2229 3179 and
2267 3139 2404 3180 tense
2440 3148 2523 3182 see

1426 3205 1485 3247 A.
1517 3205 1629 3251 545:
1662 3203 1719 3245 B.
1754 3204 1859 3253 288.
1897 3206 1938 3254 1,
1973 3203 2036 3252 B;
2068 3202 2133 3247 H.
2160 3205 2266 3253 601.
2295 3206 2345 3253 23
2370 3203 2521 3250 H.-B.

1426 3272 1533 3314 550.
1568 3269 1848 3314 solutione
1868 3299 1882 3313 .
1906 3298 1920 3313 .
1944 3298 1959 3313 .
1981 3270 2307 3315 concidisse:
2339 3271 2423 3314 ‘on
2434 3269 2523 3315 the

1426 3343 1664 3391 stoppage
1689 3339 1741 3380 of
1765 3340 2029 3390 payments
2063 3337 2215 3381 credit
2242 3336 2522 3390 collapsed.’

1426 3406 1528 3449 The
1564 3416 1697 3449 same
1716 3405 1977 3458 metaphor
2001 3405 2043 3448 is
2062 3416 2174 3448 seen
2198 3405 2250 3448 in
2273 3405 2442 3449 solutio
2464 3414 2523 3449 as

1423 3474 1476 3516 in
1500 3485 1589 3516 our
1613 3473 1835 3516 business
1859 3478 1985 3516 term
2013 3472 2359 3523 ‘liquidation.'

1489 3542 1562 3584 25.
1600 3540 1667 3584 ut
1702 3548 1820 3583 non
1854 3539 2111 3584 trahant:
2180 3539 2411 3584 ‘without
2445 3539 2522 3583 in-

1423 3606 1657 3657 volving!
1709 3607 1797 3650 We
1814 3606 1970 3657 might
1983 3606 2231 3659 naturally
2241 3609 2413 3659 expect
2434 3607 2524 3651 the

1424 3672 1812 3716 demonstrative
1835 3673 1905 3715 ita
1928 3673 1981 3716 in
2005 3673 2091 3716 the
2114 3675 2249 3717 main
2269 3674 2446 3718 clause.

1489 3740 1656 3781 27—29.
1691 3738 1829 3783 haec
1854 3768 1868 3782 .
1895 3768 1909 3782 .
1935 3768 1950 3782 .
1972 3741 2365 3790 pecuniarum:
2408 3740 2519 3783 ‘our

1424 3807 1610 3856 system
1638 3804 1753 3848 here
1781 3805 1834 3846 ot
1862 3805 2015 3848 credit
2046 3805 2145 3848 and
2174 3805 2396 3850 finance!
2455 3805 2520 3850 ln

1422 3869 1568 3914 τοτοῖ
1608 3870 1767 3913 where
1789 3870 1874 3914 the
1895 3871 2056 3914 offices
2085 3872 2340 3924 (tabernae)
2361 3872 2414 3916 ot
2433 3871 2523 3916 the

1957 2737 2243 2780 correlative
2284 2736 2404 2780 with
2444 2738 2523 2781 ἀο-
