2913 4338
344 268 468 332 354
1172 269 1588 323 EPISTOLAE
1632 268 2007 322 SELECTAE

438 450 765 526 putarem,
796 443 1027 505 ferrem
1054 441 1254 523 paulo
1280 442 1558 519 facilius;
1603 442 1715 505 sed
1743 443 1965 508 omnia
1990 448 2147 505 sunt
2173 451 2319 505 mea
2344 442 2537 523 culpa
2560 461 2719 504 com-

347 562 406 604 10
439 543 657 619 missa,
698 551 814 622 qui
852 543 935 605 ab
974 539 1052 603 iis
1090 550 1195 604 me
1232 551 1440 604 amari
1476 544 1818 622 putabam,
1859 551 1974 622 qui
2011 541 2417 616 invidebant,
2455 551 2564 604 eos
2599 550 2718 603 non

436 643 774 727 sequebar,
816 650 931 721 qui
971 642 1306 722 petebant.
1396 640 1643 718 Quodsi
1682 648 1922 708 nostris
1963 641 2241 705 consiliis
2281 650 2382 703 usi
2420 651 2708 715 essemus,
2735 641 2766 702 2

435 761 653 822 neque
673 746 838 822 aput
860 750 979 803 nos
1002 746 1267 803 tantum
1291 741 1604 804 valuisset
1626 752 1837 804 sermo
1862 747 1979 804 aut
2002 741 2355 804 stultorum
2379 750 2717 803 amicorum

436 847 556 907 aut
643 841 1109 922 improborum,
1200 840 1560 905 beatissimi
1647 851 2032 904 viveremus.
2123 842 2333 916 Nunc,
2424 841 2717 921 quoniam

436 951 694 1022 sperare
734 950 853 1003 nos
893 949 1085 1003 amici
1124 939 1373 1016 iubent,
1417 941 1590 1004 dabo
1631 962 1915 1022 operam,
1958 951 2040 1005 ne
2079 961 2226 1004 mea
2265 940 2579 1004 valetudo
2615 947 2717 1002 tuo

435 1042 643 1105 labori
668 1040 855 1104 desit.
946 1041 1078 1103 Res
1100 1046 1355 1120 quanta
1376 1040 1483 1116 sit,
1510 1040 1832 1121 intellego,
1859 1047 2238 1121 quantoque
2264 1041 2461 1103 fuerit
2486 1040 2718 1103 facilius

437 1151 699 1205 manere
725 1140 903 1204 domi
926 1160 1129 1219 quam
1154 1139 1385 1217 redire;
1430 1139 1544 1203 sed
1570 1146 1813 1217 tamen,
1842 1151 1896 1203 si
1920 1151 2144 1205 omnes
2169 1146 2250 1202 tr.
2278 1139 2367 1222 pl.
2397 1141 2715 1214 habemus,

435 1251 490 1304 si
523 1240 873 1304 Lentulum
906 1245 1046 1302 tam
1076 1239 1465 1317 studiosum,
1498 1260 1698 1320 quam
1719 1230 2008 1317 videtur,
2042 1250 2096 1303 si
2126 1250 2282 1303 vero
2311 1240 2513 1303 etiam
2546 1241 2720 1302 Pom-

434 1341 654 1422 peium
684 1346 752 1402 et
780 1335 1139 1416 Caesarem,
1169 1349 1304 1401 non
1329 1346 1431 1402 est
1460 1340 1953 1422 desperandum.

520 1443 617 1504 De
652 1439 899 1502 familia
930 1449 1062 1519 quo
1095 1439 1292 1503 modo
1324 1439 1641 1521 placuisse
1674 1439 1897 1504 scribis
1931 1450 2173 1517 amicis,
2208 1440 2539 1503 faciemus
2627 1441 2712 1503 De
2736 1440 2765 1500 3

434 1541 578 1604 loco
610 1560 782 1602 nunc
815 1539 1080 1619 quidem
1112 1539 1244 1602 iam
1279 1540 1442 1603 abiit
1472 1533 1864 1622 pestilentia,
1898 1541 2032 1617 sed,
2067 1561 2268 1621 quam
2301 1541 2415 1604 din
2449 1541 2596 1616 fuit,
2629 1549 2718 1602 me

436 1650 569 1702 non
589 1639 832 1719 attigit.
923 1639 1244 1715 PlanciuS,
1268 1640 1466 1703 homo
1486 1640 2008 1717 officiosissimuS,
2032 1652 2135 1704 me
2156 1640 2338 1721 cupit
2358 1660 2497 1703 esse
2517 1651 2718 1703 secum

435 1745 504 1803 et
528 1740 739 1803 adhuc
763 1740 1019 1802 retinet.
1112 1741 1250 1819 Ego
1272 1740 1573 1804 volebam
1595 1740 1737 1805 loco
1758 1741 1965 1820 magis
1985 1741 2241 1804 deserto
2262 1761 2399 1803 esse
2421 1741 2492 1801 in
2513 1734 2714 1821 Epiro,

438 1849 568 1920 quo
588 1859 797 1920 neque
820 1840 969 1901 Piso
983 1846 1236 1902 veniret
1249 1859 1366 1902 nec
1382 1840 1640 1916 milites,
1656 1841 1771 1902 sed
1792 1841 2003 1904 adhuc
2026 1840 2326 1904 Plancius
2346 1851 2452 1903 me
2473 1841 2718 1915 retinet3

436 1944 656 2019 sperat
699 1959 887 2019 posse
931 1940 1086 2014 fieri,
1135 1945 1212 2002 ut
1256 1949 1512 2002 mecum
1557 1940 1625 2001 in
1669 1933 1933 2003 Italiam
1978 1941 2270 2004 decedat.
2362 1941 2571 2018 Quem
2613 1961 2717 2019 ego

435 2039 607 2102 diem
634 2049 688 2101 si
713 2039 937 2101 videro
964 2045 1032 2101 et
1057 2050 1111 2101 si
1135 2038 1205 2100 in
1230 2045 1522 2102 vestrum
1550 2041 1960 2121 complexum
1987 2051 2224 2104 venero
2250 2062 2324 2104 ac
2351 2051 2406 2103 si
2431 2046 2500 2103 et
2525 2050 2640 2102 vos
2660 2044 2719 2101 et

416 2126 541 2203 'me
572 2140 784 2220 ipsum
816 2149 1216 2220 recuperaro,
1250 2142 1410 2203 satis
1440 2160 1750 2222 magnum
1783 2141 1942 2203 mihi
1973 2141 2259 2204 fructum
2290 2140 2564 2205 videbor
2590 2159 2716 2222 per-

437 2240 678 2320 cepisse
704 2246 772 2301 et
797 2246 1054 2302 vestrae
1078 2240 1346 2320 pietatis
1371 2246 1439 2303 et
1465 2261 1665 2304 meae.

520 2340 770 2402 Pisonis
804 2340 1199 2417 humanitas,
1239 2342 1468 2418 virtus,
1510 2362 1690 2405 amor
1726 2342 1795 2403 in
1830 2353 2040 2406 omnis
2074 2352 2192 2404 nos
2227 2347 2457 2404 tantus
2492 2346 2608 2416 est,
2644 2341 2761 2402 ut4

343 1061 403 1103 15

340 1561 403 1602 20

340 2059 402 2101 25

438 2531 574 2577 raet!
649 2535 746 2585 qui
787 2533 1078 2585 petebant:
1160 2535 1244 2578 the
1285 2535 1535 2578 triumvirs
1624 2536 1797 2580 demic.
1864 2535 2147 2580 Plancina:
2214 2538 2447 2585 quaestor
2479 2535 2532 2576 in
2569 2534 2709 2576 Mace-

444 2601 543 2650 (see
575 2601 921 2644 Introduction
954 2613 1003 2653 p.
1036 2602 1113 2652 34.
1152 2601 1286 2653 5563,
1321 2603 1423 2652 64).
1487 2604 1533 2646 si

442 2695 458 2711 .
500 2696 516 2712 .
556 2697 571 2711 .
610 2669 698 2711 usi
738 2677 985 2713 essemus
1028 2698 1042 2713 .
1084 2698 1100 2713 .
1142 2699 1157 2713 .
1194 2670 1536 2713 viveremus:

441 2733 501 2777 ‘it
527 2735 550 2777 Ι
580 2734 678 2777 had
708 2735 933 2778 followed
961 2746 1045 2787 my
1072 2747 1183 2779 own
1210 2735 1405 2779 counsel
1435 2767 1448 2779 .
1479 2767 1492 2779 .
1523 2767 1535 2779 .

438 2799 464 2843 1
500 2801 673 2844 should
713 2813 821 2844 now
859 2801 920 2845 be
954 2801 1109 2853 living
1143 2806 1272 2845 most
1309 2802 1536 2854 happily’

443 2867 526 2917 (ct.
555 2868 597 2910 Ι.
626 2869 707 2911 12.
735 2871 779 2919 3,
809 2869 969 2911 where
997 2869 1083 2911 the
1109 2880 1195 2911 use
1221 2869 1273 2911 oi
1299 2874 1460 2912 tenses
1487 2870 1537 2911 in

437 2934 690 2977 condition
721 2935 820 2977 and
853 2935 1134 2977 conclusion
1164 2936 1204 2977 is
1234 2935 1320 2978 the
1349 2945 1538 2978 reverse

435 3001 489 3043 of
522 3001 659 3051 this).
725 3003 1065 3045 amicorum:
1132 3002 1327 3044 Atticus
1359 3012 1540 3052 among

435 3067 602 3110 others
632 3068 714 3116 (cf.
743 3068 836 3119 Ep.
865 3070 913 3111 ὃ.
945 3069 1010 3118 1).

505 3135 669 3177 14-18,
704 3134 849 3178 dabo
884 3143 1134 3185 operam:
1206 3134 1251 3176 ‘1
1288 3134 1385 3177 will
1421 3135 1539 3177 take

437 3200 611 3252 pains.’
666 3199 954 3245 valetudo:
1000 3201 1132 3244 what
1157 3200 1276 3244 kind
1301 3202 1353 3244 of
1376 3202 1538 3244 word?

439 3264 736 3311 habemus:
813 3267 905 3317 i.e.‚
947 3277 1013 3310 on
1053 3279 1143 3311 our
1183 3267 1286 3311 side
1332 3269 1413 3317 (cf.
1458 3268 1537 3311 10.

441 3333 486 3381 9,
525 3333 619 3383 10).
687 3333 1015 3378 Lentulum:
1083 3334 1168 3378 the
1202 3334 1537 3384 consul-elect:

437 3408 503 3441 sc.
533 3398 765 3449 habemus.
796 3400 960 3444 nostri.
1028 3401 1376 3454 Pompeium,
1415 3403 1539 3446 cae-

436 3472 643 3508 tarem:
693 3466 755 3509 cf.
786 3468 864 3509 10.
898 3470 969 3510 10.

504 3532 668 3575 19-21.
706 3532 784 3576 De
821 3533 1064 3578 iam-ilia:
1139 3547 1205 3578 on
1242 3537 1328 3580 the
1364 3537 1541 3589 phrase

436 3597 500 3641 ct.
533 3597 625 3649 Ep.
657 3599 708 3642 θ.
740 3601 814 3649 30.
851 3601 950 3643 and
983 3611 1036 3644 so
1067 3602 1120 3645 in
1153 3603 1238 3646 the
1268 3607 1386 3646 next
1420 3603 1541 3653 line:

435 3664 513 3706 for
533 3664 724 3715 familia
749 3676 827 3708 see
853 3677 918 3709 on
945 3668 1012 3710 ΙΙ.
1041 3670 1089 3711 8.
1121 3671 1191 3712 15.
1251 3671 1339 3713 We
1362 3670 1427 3712 do
1451 3674 1539 3714 not

436 3728 581 3772 know
606 3733 659 3772 to
683 3731 817 3774 what
845 3731 906 3775 he
934 3734 1101 3782 refers:
1125 3734 1186 3778 he
1211 3741 1362 3779 wrote
1387 3737 1540 3780 about

437 3794 525 3837 the
574 3795 732 3840 slaves
785 3798 835 3839 in
890 3798 983 3850 Ep.
1036 3800 1087 3843 θ.
1141 3802 1310 3845 30-36.
1397 3801 1542 3846 loeo:

439 3859 796 3905 Thessalonica.
882 3864 1230 3914 pestilentia:
1328 3879 1395 3910 an
1442 3868 1543 3921 epi-

1624 2603 1786 2655 donia,
1819 2606 1872 2646 at
1903 2604 2066 2646 whose
2095 2603 2247 2646 house
2279 2603 2445 2645 Cicero
2477 2598 2709 2644 remained

1623 2675 1675 2713 at
1689 2682 1720 2713 a
1731 2674 1870 2721 guest
1882 2670 2025 2714 while
2036 2670 2087 2712 in
2099 2669 2463 2713 Thessalonica.

1688 2739 1856 2781 23-27.
1892 2745 2005 2788 quo
2055 2765 2070 2780 .
2122 2765 2136 2780 .
2188 2765 2203 2779 .
2252 2736 2500 2780 veniret:
2590 2734 2712 2778 ehar-

1625 2803 1986 2847 acteristic-‘a
2012 2802 2218 2855 solitary
2246 2807 2362 2855 spot
2392 2801 2516 2846 such
2542 2813 2594 2845 as
2617 2800 2713 2843 Piso

1625 2870 1788 2913 would
1828 2872 1915 2912 not
1957 2870 2109 2913 visit!
2184 2869 2351 2913 Cicero
2395 2869 2562 2912 ieared
2598 2875 2715 2910 some

1625 2947 1913 2988 annoyance
1964 2937 2093 2979 from
2148 2936 2235 2979 the
2291 2935 2574 2987 unfriendly
2620 2941 2714 2986 pro-

1625 3002 1809 3054 consul.
1871 3002 2017 3047 Piso:
2073 3003 2159 3046 the
2188 3002 2360 3046 consul
2389 3002 2501 3045 who
2527 3000 2620 3044 had
2639 2998 2714 3040 ob·

1626 3069 1794 3112 tained
1845 3069 2132 3112 Macedonia
2182 3080 2237 3113 as
2286 3069 2363 3112 his
2411 3069 2633 3121 province
2668 3064 2713 3106 in

1626 3139 1795 3179 return
1835 3136 1911 3179 for
1951 3136 2032 3179 aid
2075 3137 2266 3187 against
2312 3135 2494 3179 Cicero.
2566 3132 2714 3176 Notioe

1627 3203 1738 3246 that
1777 3208 1876 3246 two
1915 3203 2065 3253 Pisos,
2105 3214 2226 3254 very
2265 3202 2493 3245 different
2527 3202 2579 3244 in
2609 3196 2714 3242 their

1627 3270 1847 3314 attitude
1885 3269 2077 3313 toward
2118 3270 2299 3319 cicere,
2340 3280 2423 3312 are
2458 3261 2712 3311 mentioned

1628 3337 1678 3379 in
1729 3337 1829 3380 this
1877 3337 2038 3380 letter.
2122 3335 2382 3379 tructam
2432 3364 2448 3378 .
2497 3363 2513 3379 .
2562 3363 2578 3378 .
2619 3337 2715 3383 ΡΒ·

1630 3404 1863 3455 cepisse:
1938 3403 2136 3456 ‘reaped
2176 3415 2206 3446 a
2231 3402 2486 3445 >sufficient
2520 3393 2714 3444 reward!

1632 3472 1883 3522 pietatis:
1952 3469 2242 3513 ‘devotion.’

1696 3539 1867 3582 28-31.
1904 3538 2140 3582 Pisonis:
2259 3536 2347 3580 the
2404 3533 2621 3579 husband
2663 3528 2711 3570 Οἱ

1634 3605 1807 3654 Tullia,
1832 3616 1863 3647 a
1885 3604 2090 3648 relative
2110 3604 2162 3647 of
2184 3604 2270 3647 the
2291 3603 2464 3648 consul
2481 3604 2581 3654 just
2600 3606 2709 3642 men-

1633 3671 1818 3714 tioned.
1848 3670 2077 3723 gloriae:
2141 3682 2275 3714 same
2310 3669 2630 3714 construction
2659 3671 2709 3704 ⁸³

1633 3738 1884 3788 voluptati:
1910 3738 2072 3780 what?
2136 3737 2215 3780 De
2245 3735 2305 3788 Q.
2341 3737 2535 3781 tratre:
2581 3732 2707 3776 There

1632 3814 1787 3846 seems
1812 3807 1866 3847 to
1893 3803 2021 3847 have
2038 3804 2159 3847 been
2178 3815 2209 3846 a
2225 3804 2399 3856 family
2419 3800 2609 3853 quarrel.
2624 3792 2705 3840 and

1634 3869 1859 3913 Terentia
1876 3870 2086 3921 thought
2107 3870 2220 3914 that.
2246 3870 2413 3913 Cicero
2428 3867 2609 3913 blamed
2620 3865 2704 3906 her.
