2913 4338
1226 299 1385 356 cAP.
1430 302 1498 356 52
2474 298 2585 357 421

209 478 384 537 metu
416 471 592 537 sblus
624 482 757 536 non
807 477 1019 549 timet,
1059 482 1137 536 ec')
1188 472 1393 552 magis
1442 473 1642 535 refert
1692 483 1795 536 ma
1847 473 2005 535 mihi
2056 478 2255 553 atque
2308 474 2496 536 vobis

207 574 449 636 timere.
541 573 687 648 Qua
724 583 811 647 ra,
851 593 999 636 cum
1038 571 1118 636 da
1154 574 1226 634 P.
1269 573 1546 635 Lentulo
1583 577 1940 652 ceterisque
1989 574 2314 649 statuatis,
2374 584 2494 654 pro

117 693 176 735 50
205 679 379 737 certo
440 673 751 737 habetote
787 682 906 735 vos
936 672 1129 735 simul
1162 672 1242 736 de
1272 672 1562 735 exercitu
1594 673 1909 736 Catilinae
1952 680 2022 737 et
2065 673 2146 736 da
2189 673 2493 736 omnibus

203 773 556 838 coniuratis
602 772 958 836 dacernere.
1048 773 1313 848 Quanto
1360 782 1480 835 vos
1527 772 1847 835 attentius
1902 793 1980 836 ea
2036 774 2259 853 agatis,
2299 778 2491 836 tanto

200 873 321 937 illis
381 873 639 937 animus
694 872 1012 935 infirmior
1061 873 1212 936 erit:
1276 881 1331 934 si
1384 872 1723 953 paululum
1769 872 1967 936 modo
2021 883 2139 935 vos
2191 871 2494 952 languare

201 973 503 1050 viderint,
542 974 673 1036 iam
708 983 934 1035 omnes
968 973 1211 1037 feroces
1240 971 1537 1035 aderunt.

282 1074 526 1136 ‘Nolite
592 1079 987 1135 existumare
1051 1073 1326 1136 maiores
1388 1079 1646 1136 nostros
1709 1081 1905 1137 armis
1965 1093 2100 1136 rem
2165 1072 2493 1153 publicam

198 1194 278 1237 ex
300 1183 512 1255 parva
533 1193 842 1253 magnam
869 1172 1110 1236 facisse.
1200 1175 1266 1237 Si
1288 1173 1384 1236 ita
1405 1183 1506 1235 res
1528 1179 1716 1250 esset,
1743 1173 1952 1236 multo
1972 1165 2493 1253 pulcherrumam

110 1293 167 1336 55
198 1295 340 1338 eam
379 1284 497 1337 nos
533 1273 946 1337 habaramus:
989 1273 1233 1354 quippe
1267 1270 1589 1336 sociorum
1627 1280 1826 1353 atque
1862 1273 2122 1349 civium,
2159 1279 2495 1353 praeterea

196 1384 524 1437 armorum
582 1379 783 1452 atque
834 1383 1149 1453 equorum
1203 1372 1411 1436 maior
1465 1373 1651 1452 copia
1703 1375 1890 1436 nobis
1941 1394 2141 1453 quam
2194 1372 2318 1435 illis
2369 1380 2488 1437 est.

195 1474 322 1538 Sed
357 1473 483 1536 alia
516 1474 715 1549 fuere,
750 1493 919 1552 quae
950 1472 1093 1536 illos
1124 1483 1394 1552 magnos
1425 1472 1650 1549 facere,
1685 1494 1854 1553 quae
1885 1474 2071 1536 nobis
2101 1473 2279 1535 nulla
2309 1479 2491 1537 sunt:

196 1573 374 1638 domi
413 1572 757 1650 industria,
802 1572 955 1636 foris
994 1572 1239 1635 iustum
1281 1573 1644 1653 imperium,
1688 1572 1943 1637 animus
1979 1573 2050 1634 in
2089 1569 2491 1636 consulundf)

193 1675 374 1751 liber,
437 1693 649 1754 neque
710 1671 947 1736 delicto
1004 1693 1215 1752 neque
1271 1672 1547 1736 lubidini
1606 1674 1943 1737 obnoxius.
2032 1674 2157 1735 Pro
2216 1673 2316 1735 his
2374 1683 2492 1736 nos

105 1792 163 1835 co
194 1775 511 1838 habamus
533 1772 860 1836 luxuriam
885 1778 1085 1859 atque
1108 1773 1475 1849 avaritiam,
1500 1770 1757 1854 publica
1778 1779 2154 1854 egestatem,
2178 1774 2490 1852 privatim

192 1874 618 1955 opulentiam.
711 1872 1087 1936 Laudamus
1151 1873 1434 1949 divitias,
1504 1874 1834 1953 sequimur
1898 1874 2218 1935 inertiam.
2309 1875 2490 1937 Inter

191 1976 401 2039 bonos
460 1978 530 2036 et
592 1972 799 2036 malos
862 1972 1204 2036 discrimen
1263 1973 1536 2050 nullum,
1601 1974 1819 2038 omnia
1880 1973 2143 2035 virtutis
2202 1974 2491 2053 praemia

192 2068 469 2138 ambitio
503 2073 816 2154 possidet.
907 2073 1134 2153 Neque
1169 2083 1432 2137 mirum:
1477 2074 1590 2136 ubi
1625 2083 1743 2136 vos
1777 2073 2127 2153 separatim
2163 2074 2285 2136 sibi
2320 2074 2493 2154 quis-

191 2196 319 2256 que
355 2174 694 2239 consilium
732 2174 982 2255 capitis,
1020 2175 1134 2238 ubi
1168 2176 1347 2238 domi
1381 2175 1853 2255 voluptatibus,
1892 2176 1992 2238 hic
2027 2177 2340 2255 pecuniae
2376 2181 2494 2238 aut

104 2292 160 2337 ⁸5
191 2277 443 2356 gratiae
475 2276 753 2350 servitiS‚
784 2284 861 2338 eo
890 2275 984 2349 fit,
1015 2281 1092 2337 ut
1120 2276 1403 2355 impetus
1429 2275 1552 2338 fiat
1578 2277 1646 2337 in
1674 2296 1949 2338 vacuam
1978 2295 2112 2338 rem
2140 2275 2488 2358 publicam.

282 2375 428 2440 ‘Sed
455 2395 575 2453 ego
600 2374 760 2437 haec
786 2374 1042 2437 omitt6.
1132 2376 1562 2438 Coniuravere
1586 2376 1989 2438 nobilissumi
2013 2385 2184 2438 cives
2207 2365 2490 2456 patriam

192 2474 563 2550 incendere;
621 2471 953 2537 Gallorum
1008 2480 1267 2553 gentem
1322 2474 1831 2537 infestissumam
1886 2476 2134 2537 nomini
2191 2477 2490 2538 Romana

192 2576 279 2639 ad
303 2574 547 2638 bellum
575 2578 934 2650 arcessunt;
961 2574 1097 2636 dux
1121 2574 1406 2638 hostium
1432 2594 1581 2637 cum
1605 2575 1894 2638 exercitu
1918 2584 2116 2654 supra
2140 2581 2340 2655 caput
2363 2581 2490 2639 est:

191 2684 310 2737 vas
363 2674 765 2737 cunctamini
815 2674 1014 2736 etiam
1066 2693 1238 2737 nunc
1288 2680 1357 2737 et
1409 2674 1749 2746 dubitatis,
1800 2674 1960 2754 quid
2012 2675 2185 2737 intra
2236 2677 2491 2738 moenia

249 2888 326 2929 51.
365 2884 583 2934 quanto
620 2913 633 2927 .
670 2913 684 2926 .
721 2911 737 2928 .
770 2883 958 2926 tanto:
992 2882 1093 2926 ‘the
1140 2916 1152 2928 .
1188 2916 1199 2927 .
1237 2914 1249 2925 .
1283 2919 1289 2925 .
1387 2883 1653 2927 somewhat
1715 2882 2009 2928 redundant.
2096 2884 2232 2927 With
2291 2883 2486 2937 quisquo

185 2951 269 2995 the
281 2954 586 2994 ⁹-measure
611 2951 664 2993 ot
690 2950 963 2994 difference.
1387 2950 1450 2994 ct.
1479 2950 1621 2998 alius.
1646 2949 1679 2995 l.
1710 2952 1752 2993 1.
1807 2951 2028 3002 capim:
2060 2962 2090 2993 a
2116 2952 2251 2996 verb.
2295 2951 2492 3004 volup-

246 3021 326 3062 53.
363 3016 540 3061 nolito
608 3017 970 3061 existumare:
1001 3026 1033 3059 a
1096 3016 1288 3068 regular
1387 3016 1620 3068 tatibus.
1671 3017 1955 3068 pecuniae.
2006 3017 2242 3069 mnae:
2300 3017 2363 3061 all
2401 3018 2488 3063 the

185 3084 489 3138 prohibitive
512 3084 641 3127 form
692 3085 790 3134 (see
812 3094 877 3126 on
903 3083 966 3128 M.
993 3083 1048 3126 L.
1072 3084 1154 3126 2⁸.
1190 3084 1292 3136 17).
1387 3093 1521 3125 same
1602 3084 1962 3132 construction:
2021 3083 2183 3126 what?
2259 3084 2374 3129 mo:
2436 3084 2490 3128 in

823 3205 824 3208 Ἴ
1388 3149 1474 3192 the
1489 3154 1672 3194 senate.
1738 3158 1827 3193 eo:
1862 3149 2160 3193 ‘theretore.'

253 3218 376 3263 ‘Not
408 3217 624 3267 military
673 3216 878 3269 strenam
927 3217 1007 3259 but
1054 3216 1291 3259 character

183 3286 382 3329 enabled
406 3295 495 3327 our
517 3284 693 3335 rathere
718 3285 763 3326 to
778 3283 911 3326 build
935 3293 1004 3335 up
1028 3281 1102 3325 the
1125 3284 1297 3334 repub-
1452 3285 1464 3302 ⁸
1480 3283 1596 3326 This
1614 3284 1660 3326 is
1684 3296 1747 3327 no
1772 3285 1884 3328 time
1909 3285 1984 3336 ror
2007 3284 2220 3336 thouohts
2245 3284 2294 3336 ot
2318 3295 2488 3336 mercy.

183 3352 268 3402 lic,-
296 3352 399 3394 and
449 3362 514 3393 we
563 3350 680 3393 have
728 3350 810 3392 not
873 3349 993 3392 their
1041 3348 1295 3392 character'
1394 3350 1490 3393 The
1519 3361 1682 3401 enemy
1711 3351 1757 3393 is
1786 3353 1834 3393 at
1864 3361 1952 3393 our
1979 3352 2119 3402 vates.
2142 3352 2240 3393 and
2268 3362 2334 3393 we
2362 3352 2489 3394 must

186 3419 256 3469 (11.
284 3418 473 3466 54-65).
1386 3417 1460 3459 act
1486 3416 1596 3459 with
1622 3417 1753 3468 viam·
1777 3419 1874 3460 and
1901 3416 2092 3460 without
2118 3417 2272 3467 delav’
2304 3415 2374 3468 (n.
2395 3419 2491 3460 66-

246 3487 326 3529 56.
360 3483 493 3527 mu:
527 3484 675 3526 refers
708 3486 762 3525 to
793 3482 1009 3525 maiores.
1079 3482 1171 3525 For
1203 3482 1288 3525 the
1388 3483 1489 3534 96).

183 3551 400 3601 thought
421 3552 546 3593 from
568 3550 712 3594 nolite
731 3549 793 3592 ct.
815 3550 895 3592 σι.
932 3550 1165 3593 111-114.
1450 3551 1526 3598 66,
1553 3552 1630 3593 67.
1665 3551 2021 3594 coniuravere
2046 3580 2058 3593 .
2090 3579 2105 3593 .
2137 3578 2151 3593 .
2168 3549 2488 3595 incendere:

246 3622 325 3663 57.
361 3616 494 3660 ⁸11²:
527 3616 667 3661 other
684 3616 805 3660 than
819 3617 1037 3668 military
1052 3615 1293 3667 strength.
1390 3618 1476 3661 We
1509 3617 1666 3668 might
1701 3622 1873 3669 expect
1910 3629 1939 3660 a
1977 3617 2138 3661 clause
2173 3617 2226 3659 ot
2258 3627 2487 3669 purpose.

184 3685 369 3730 nulla:
402 3695 480 3727 see
496 3694 560 3727 on
579 3683 621 3727 1.
640 3687 689 3728 7.
722 3686 768 3728 3.
1387 3683 1479 3727 but
1518 3684 1604 3727 the
1629 3684 1839 3734 thought
1879 3686 1919 3727 is
1946 3696 2065 3736 very
2096 3684 2194 3727 like
2221 3695 2310 3728 our
2337 3683 2489 3728 ‘have

246 3754 325 3796 59.
362 3750 661 3794 obnoxius:
697 3749 875 3793 ‘under
946 3748 1134 3792 control
1205 3748 1291 3798 ow
1387 3761 1545 3792 sworn
1589 3753 1643 3793 to
1687 3750 1847 3793 burn!
1914 3750 2247 3795 nobilissimi
2315 3751 2487 3794 cives:

186 3819 237 3861 ‘a
251 3819 390 3862 slave
403 3817 489 3860 οἳ)
556 3826 679 3869 prot
715 3817 785 3859 ‘in
803 3816 941 3869 place
955 3814 1041 3860 ot?
1390 3816 1611 3859 ‘citizens
1667 3818 1718 3860 of
1773 3816 1961 3866 highest
2022 3816 2188 3860 birth!
2254 3817 2484 3869 tenum

245 3887 419 3930 63-65.
456 3883 762 3935 separatim
842 3882 947 3926 tibi
1027 3884 1286 3934 qunque:
1387 3882 1861 3927 intutinumam:
1893 3884 1954 3925 ci.
1975 3882 2069 3926 111.
2103 3884 2155 3926 9.
2188 3886 2356 3927 26—28.
