2913 4338
1043 267 1203 323 GAP.
1247 271 1371 334 7-8,
1418 263 1495 345 §g
1547 271 1718 324 14-17
2507 262 2629 327 117

230 436 533 515 audiatis,
561 438 677 501 sed
702 440 925 502 triduo
948 446 1171 503 tamen
1196 441 1474 505 audietis
1484 462 1500 518 ;
1527 441 1864 524 multoque
1889 441 2093 523 magis
2117 439 2275 505 illud
2299 441 2521 519 timeo,

144 562 200 604 20
230 550 308 603 ne
346 538 511 599 mihi
547 538 634 600 sit
669 539 1065 602 invidiosum
1103 540 1473 622 aliquando,
1514 542 1692 623 quod
1730 542 1915 604 illum
1953 542 2270 606 emiserim
2305 542 2529 622 potius

226 662 430 725 quam
473 639 654 720 quod
695 640 1006 702 eiecerim.
1094 642 1223 705 Sed
1262 662 1411 706 cum
1451 642 1587 706 sint
1625 643 1935 719 homines,
1978 651 2093 723 qui
2130 642 2331 719 illum,
2374 661 2524 705 cum

225 746 565 827 profectus
612 741 717 818 sit,
769 743 1047 805 eiectum
1091 762 1230 806 esse
1277 743 1518 821 dicant,
1566 743 1760 820 idem,
1808 752 1864 806 si
1908 742 2288 806 interfectus
2332 748 2520 818 oeset,

228 847 391 929 quid
439 846 767 909 dicerent?
853 845 1267 926 Quamquam
1311 845 1439 922 isti,
1488 855 1603 926 qui
1645 844 1991 908 Catilinam
2037 843 2387 907 Massiliam
2431 852 2524 905 ire
2545 845 2627 906 16

228 948 566 1023 dictitant,
633 956 765 1009 non
829 953 967 1010 tam
1032 947 1152 1010 hoc
1216 953 1579 1027 queruntur
1639 967 1839 1027 quam
1902 952 2227 1008 verentur.
2317 945 2377 1007 N
2379 953 2528 1007 emo

143 1067 199 1110 25
229 1043 328 1112 est
371 1049 649 1111 istorum
692 1054 832 1110 tam
874 1048 1249 1124 misericorS,
1294 1057 1408 1128 qui
1448 1048 1635 1109 illum
1676 1057 1807 1110 non
1848 1046 1933 1109 ad
1974 1046 2286 1108 Manlium
2326 1065 2527 1126 quam

232 1149 317 1212 ad
355 1148 786 1224 Massilienses
823 1158 913 1211 ire
950 1149 1154 1223 malit.
1244 1148 1361 1211 Ille
1398 1155 1640 1225 autem,
1679 1157 1735 1210 si
1769 1146 2131 1211 mehercule
2166 1147 2307 1222 hoc,
2347 1144 2527 1226 quod

231 1248 389 1328 agit,
462 1269 823 1329 numquam
896 1255 1093 1311 antea
1161 1249 1525 1327 cogitasset,
1596 1255 1822 1312 tamen
1887 1247 2390 1311 latrocinantem
2458 1255 2529 1308 se

231 1349 511 1412 interfici
544 1349 766 1412 mallet
802 1369 1001 1429 quam
1036 1350 1292 1413 exulem
1328 1358 1564 1412 vivere.
1655 1349 1844 1411 Nunc
1879 1357 2052 1424 vero,
2091 1367 2239 1410 cum
2273 1355 2335 1408 ei
2369 1345 2528 1408 nihil

232 1449 447 1511 adhuc
505 1455 764 1528 praeter
820 1450 1022 1530 ipsius
1068 1450 1492 1535 ‘voluntatem
1550 1449 2139 1528 cogitationemque
2198 1446 2525 1522 acciderit,

141 1566 201 1610 ao
231 1549 355 1611 nisi
394 1549 574 1629 quod
613 1556 782 1612 vivis
822 1553 1008 1625 nobis
1049 1551 1264 1613 Roma
1299 1551 1630 1630 profectus
1668 1555 1786 1625 est,
1829 1554 2129 1628 optemus
2165 1547 2404 1628 potius,
2447 1552 2526 1609 ut

230 1656 341 1711 eat
371 1650 439 1710 in
469 1649 755 1727 exilium,
790 1672 987 1731 quam
1021 1661 1385 1731 queramur.

310 1745 373 1809 8.
425 1750 554 1814 Sed
594 1761 707 1813 cur
745 1757 886 1814 tam
927 1751 1038 1814 diu
1078 1751 1158 1815 de
1195 1760 1328 1813 uno
1366 1750 1553 1812 hoste
1589 1748 1935 1828 loquimur,
1975 1753 2045 1811 et
2084 1747 2165 1810 de
2201 1757 2278 1809 eo
2317 1746 2523 1822 hoste,
2552 1747 2633 1809 17

229 1859 348 1930 qui
390 1850 522 1913 iam
569 1851 815 1915 fatetur
857 1862 925 1915 se
965 1871 1102 1914 esse
1144 1851 1419 1926 hostem,
1465 1855 1534 1912 et
1576 1868 1790 1929 quem,
1837 1849 2009 1929 quia,
2056 1846 2233 1926 quod
2274 1865 2530 1927 semper

231 1950 433 2028 volui,
478 1961 703 2014 murus
741 1951 1030 2028 interest,
1072 1960 1203 2013 non
1242 1950 1469 2026 timeo;
1510 1948 1590 2012 de
1628 1948 1746 2025 his,
1789 1957 1903 2028 qui
1942 1946 2369 2023 dissimulant,
2413 1954 2529 2026 qui

236 2046 491 2114 Romae
544 2056 900 2127 remanent,
956 2059 1071 2131 qui
1123 2051 1460 2112 nobiscum
1512 2055 1686 2124 sunt,
1743 2048 1901 2109 nihil
1955 2047 2265 2109 dicimus?
2348 2046 2529 2122 Quos

302 2264 474 2306 19-21.
516 2262 728 2307 triduo,
781 2261 973 2305 ‘within
1007 2261 1144 2304 three
1181 2260 1340 2313 daysz’

236 2331 313 2373 ‘in
383 2334 484 2372 two
553 2328 710 2381 days,’
776 2329 844 2381 by
908 2339 998 2372 our
1060 2327 1339 2378 reckoning.

231 2396 404 2441 mue:
447 2395 710 2448 explained
734 2395 804 2447 by
826 2406 886 2438 ne
901 2428 914 2439 .
932 2427 945 2439 .
962 2425 975 2439 .
991 2395 1068 2439 sit.
1130 2394 1342 2446 Explain

233 2474 324 2507 use
357 2464 412 2506 of
445 2464 498 2505 ut
533 2461 632 2506 and
667 2473 727 2505 ne
762 2463 888 2505 after
922 2472 953 2504 a
991 2461 1110 2504 verb
1150 2462 1202 2504 of
1240 2462 1343 2503 tear

237 2531 323 2579 (ct.
368 2529 412 2573 Ι.
454 2531 507 2572 2.
550 2529 649 2579 22).
710 2529 861 2581 quod
903 2528 1188 2572 emiserim
1223 2556 1238 2571 .
1275 2557 1290 2571 .
1328 2556 1341 2570 .

233 2597 522 2640 ασθαι-11113
585 2596 762 2639 mood?
828 2596 916 2639 See
950 2606 1013 2638 on
1051 2595 1098 2638 1.
1125 2597 1200 2639 22.

301 2666 474 2707 22-24.
508 2663 684 2707 idem:
761 2674 892 2705 nom.
936 2662 1108 2714 plural.
1182 2660 1341 2712 quid:

232 2730 463 2772 crowded
502 2734 590 2772 out
629 2731 682 2772 ot
726 2730 791 2772 its
831 2729 968 2781 place
1006 2729 1172 2771 before
1217 2728 1341 2770 idem

235 2797 323 2846 (ci.
350 2797 412 2846 si,
435 2796 476 2841 Ι.
498 2798 546 2840 7.
570 2799 668 2850 12).
734 2794 1114 2849 Quamquam:
1141 2797 1273 2839 what
1301 2795 1342 2835 is

233 2863 336 2906 this
362 2874 451 2906 use
477 2863 662 2906 called?
715 2862 802 2906 See
829 2875 894 2907 on
922 2864 963 2908 1.
987 2864 1065 2906 12.
1089 2865 1162 2906 12.
1219 2862 1340 2907 isti:

232 2931 298 2973 cf.
332 2931 384 2973 0.
417 2932 492 2973 24.
556 2930 850 2974 dictitant:
910 2931 986 2973 for
1016 2931 1142 2972 form
1173 2940 1250 2972 see
1281 2930 1338 2971 A.

234 2998 343 3045 263,
375 2998 426 3046 2:
452 2996 511 3040 B.
541 2999 643 3047 155,
676 2999 724 3047 2:
752 2997 817 3041 H.
845 2999 957 3046 364;
985 2997 1132 3041 H.-B.
1160 2999 1265 3044 212,
1297 2996 1338 3037 1.

300 3065 474 3106 25-27.
511 3063 558 3106 It
586 3064 749 3107 would
777 3064 839 3107 be
867 3064 1029 3108 better
1056 3065 1131 3106 for
1156 3063 1259 3106 him
1288 3066 1340 3104 to

234 3140 297 3180 go
330 3129 442 3172 into
474 3129 599 3173 exile
632 3135 685 3174 at
723 3131 935 3175 Massilia
968 3132 1092 3174 than
1125 3134 1178 3173 to
1211 3132 1339 3171 meet

234 3195 322 3239 the
353 3197 458 3240 fate
489 3197 600 3240 that
631 3198 727 3241 will
759 3200 920 3251 surely
950 3199 1011 3241 be
1040 3198 1116 3241 his
1144 3199 1195 3240 in
1225 3206 1337 3243 war,

235 3262 328 3306 but
377 3263 454 3305 his
499 3266 818 3318 accompllces
863 3266 1021 3319 prefer
1065 3266 1150 3307 the
1193 3263 1342 3306 latter

234 3339 410 3373 course
430 3331 506 3373 for
526 3332 645 3376 him.
700 3331 1040 3377 mehercule:
1079 3332 1165 3375 full
1188 3330 1342 3373 form?

235 3396 327 3439 See
360 3408 426 3439 on
460 3397 502 3441 1.
537 3400 587 3442 ’1.
625 3401 697 3444 11.
762 3401 808 3443 si
846 3430 859 3443 .
897 3430 910 3443 .
949 3430 962 3443 .
996 3399 1214 3442 tamen:
1278 3397 1340 3439 cf.

235 3463 278 3507 1.
303 3464 388 3507 12.
413 3466 488 3507 10.

300 3532 381 3573 31.
415 3540 748 3583 queramur:

234 3596 491 3649 miserim,
518 3601 570 3643 2.
596 3602 640 3644 4.

298 3662 518 3711 Explain
568 3672 680 3707 case
725 3663 776 3707 ot
822 3666 900 3709 rei
948 3664 1202 3718 publicae
1255 3664 1342 3714 (2).

234 3727 483 3774 uolendi
523 3730 612 3780 (5).
648 3739 740 3774 me
776 3733 862 3783 (6).
897 3735 1066 3777 armis
1104 3734 1191 3784 (7).
1226 3731 1347 3776 dili-

238 3801 451 3854 ssentia.
490 3809 589 3852 spe
631 3800 718 3852 (8),
755 3810 846 3845 me
887 3803 1005 3853 (11),
1042 3801 1185 3845 mihi
1226 3800 1343 3850 (12),

238 3875 408 3914 musa
439 3872 562 3922 (17),
590 3870 798 3920 triduo.
826 3869 1012 3915 multo
1040 3870 1158 3914 (lm.
1185 3869 1346 3913 noble

865 3532 1041 3576 mood?
1131 3532 1219 3575 See
1278 3541 1343 3573 on

1433 2260 1558 2309 (30):
1583 2258 1729 2301 mood
1755 2257 1808 2300 of
1829 2256 2025 2301 iecerit
2055 2257 2173 2307 (10),
2200 2255 2383 2301 velint
2405 2255 2529 2306 (12).

1426 2329 1502 2371 sit
1532 2327 1650 2378 (20).
1678 2325 1943 2370 acciderit
1973 2325 2092 2375 (29),
2121 2325 2380 2375 optemus
2405 2323 2529 2373 (30).

1491 2458 1672 2504 Second
1712 2459 1838 2512 part:
1913 2455 2076 2502 Cicero
2116 2467 2223 2501 now
2268 2456 2533 2509 (5517-23)

1428 2529 1565 2570 turns
1599 2527 1676 2569 his
1712 2526 1938 2568 attention
1972 2525 2095 2577 from
2132 2522 2339 2566 Catiline
2374 2525 2419 2567 to
2455 2523 2536 2567 his

1428 2595 1654 2645 followers
1676 2594 1733 2635 in
1757 2592 1831 2635 the
1855 2592 1963 2642 σειν.
2034 2590 2159 2641 They
2179 2599 2259 2633 are
2280 2589 2329 2641 or
2356 2589 2535 2634 several

1428 2661 1611 2707 classes,
1639 2658 1744 2709 517.

1492 2722 1544 2773 8.
1582 2728 1688 2769 2-3.
1724 2733 1912 2777 quem.
1943 2724 2093 2776 quia.
2123 2725 2289 2776 quod.
2318 2728 2432 2768 etc.:
2466 2735 2534 2767 an

1429 2792 1665 2837 excellent
1725 2790 1951 2842 example
2009 2792 2060 2833 of
2117 2790 2203 2834 the
2258 2791 2533 2842 important

1430 2859 1665 2912 principle
1722 2859 1775 2901 of
1836 2858 2145 2909 ‘suspension
2203 2858 2255 2900 of
2312 2857 2535 2901 clauses.'

1429 2928 1540 2979 Any
1577 2926 1752 2975 clause,
1807 2925 2045 2978 principal
2094 2935 2149 2967 or
2198 2924 2532 2974 subordinate,

1427 2993 1469 3036 is
1524 2990 1799 3044 suspended
1857 2990 1997 3034 when
2064 3002 2166 3043 any
2216 2989 2535 3034 subordinate

1427 3061 1714 3103 connective
1764 3069 1973 3111 appears
2024 3058 2245 3101 between
2294 3057 2378 3101 the
2425 3059 2535 3101 first

1427 3128 1526 3170 and
1556 3127 1652 3171 last
1685 3126 1844 3170 words
1875 3127 1927 3168 of
1958 3125 2069 3169 that
2103 3125 2284 3173 clause:
2315 3123 2414 3167 and
2445 3124 2535 3168 the

1427 3199 1525 3238 rest
1554 3196 1605 3237 of
1632 3194 1718 3237 the
1746 3194 1909 3237 clause
1937 3192 2054 3235 does
2080 3194 2169 3234 not
2197 3201 2379 3243 appear
2405 3190 2535 3233 until

1429 3262 1514 3305 the
1546 3261 1703 3304 whole
1737 3261 1789 3303 of
1823 3261 1909 3304 the
1943 3258 2264 3303 subordinate
2297 3258 2458 3301 clause
2489 3257 2536 3300 is

1428 3328 1651 3373 finished.
1721 3328 1851 3371 Here
1884 3338 1957 3369 we
1993 3326 2120 3369 have
2155 3325 2292 3368 three
2325 3324 2533 3367 clauses:

1428 3408 1563 3448 quem
1609 3406 1707 3438 non
1751 3396 1905 3443 timeo,
1955 3393 2070 3444 quia
2117 3402 2283 3434 murus
2328 3391 2533 3441 interest,

1429 3464 1552 3515 quod
1586 3473 1767 3514 semper
1803 3461 1944 3511 volui,
1986 3460 2083 3503 and
2123 3460 2208 3502 the
2245 3458 2534 3509 suspension

1430 3542 1547 3582 may
1564 3531 1625 3574 be
1642 3529 1890 3573 indicated
1909 3529 2016 3571 best
2036 3528 2104 3579 by
2123 3526 2347 3568 different
2367 3527 2532 3576 types:

1433 3598 1634 3648 QUEM.
1663 3608 1803 3647 Qun,
1832 3598 1955 3649 quod
1979 3606 2160 3646 semper
2184 3593 2326 3641 volui,
2353 3600 2536 3635 nunus

1432 3676 1695 3715 1mnnns'r,
1735 3663 1872 3707 NON
1915 3660 2139 3707 ΤΙΜΕΟ.
2209 3660 2396 3703 Almost
2432 3668 2535 3709 any

1433 3732 1656 3784 complex
1695 3735 1923 3775 sentence
1959 3730 2056 3773 will
2094 3728 2284 3772 furnish
2321 3726 2536 3768 illustra-

1434 3802 1581 3844 tionS.
1650 3798 1824 3851 quod:
1893 3797 2112 3845 relative,
2151 3795 2271 3838 with
2308 3794 2393 3837 the
2429 3793 2533 3836 fact

1435 3877 1602 3910 murus
1625 3866 1813 3909 interest
1838 3876 1892 3908 as
1918 3862 2226 3907 antecedent.
2286 3861 2396 3905 his:
2446 3857 2538 3905 the
