2913 4338
286 255 405 316 118

879 257 1158 312 ORATIO
1218 259 1301 314 IN
1355 259 1770 315 CATILINAM
1816 261 2159 315 SECUNDA

303 447 339 493 ε
368 427 631 510 quidem
673 448 810 508 ego,
855 439 910 491 si
950 429 1080 494 alls>
1123 430 1318 496 modo
1360 432 1497 496 fieri
1536 433 1761 513 possit,
1806 443 1938 496 non
1978 439 2119 497 tam
2161 433 2383 496 ulcisci
2425 432 2671 497 studeo

369 548 570 609 quam
611 537 840 592 sanare
880 530 1004 592 sibi
1043 530 1235 611 ipsos,
1279 531 1537 613 placare
1577 542 1670 596 rei
1709 533 2028 613 publicae,
2075 553 2304 614 neque,
2350 532 2419 595 id
2462 542 2676 613 quare

372 628 510 692 fieri
568 637 699 691 non
755 629 979 709 possit,
1041 639 1096 692 si
1154 641 1259 695 me
1318 631 1541 695 audire
1600 632 1842 709 volent,
1881 633 2225 712 intellego.

2317 634 2677 713 Exponam

371 728 546 792 enim
609 729 813 805 vobis,
881 729 1183 807 Quirites,
1250 751 1334 794 ex
1394 732 1634 812 quibus
1696 732 2037 811 generibus
2100 732 2440 795 hominum
2504 732 2679 796 istae

292 876 296 882 -
373 828 596 909 copiae
638 835 1096 910 comparentur
1104 851 1120 907 ;
1164 829 1396 894 deinde
1436 831 1703 911 singulis
1744 831 2132 894 medicinam
2176 831 2422 895 consilii
2468 839 2677 912 atque

279 948 341 992 10
374 929 683 994 orationis
734 949 934 1006 meae,
987 939 1042 992 si
1089 951 1290 1010 quam
1339 937 1587 1012 potero,
1642 930 1951 994 adferam.
2042 924 2263 994 Unum
2312 951 2516 1011 genus
2566 939 2674 995 est
2699 937 2779 998 18

368 1040 613 1108 eorum,
663 1039 778 1111 qui
825 1041 1061 1111 magno
1106 1031 1175 1093 in
1221 1051 1364 1095 aere
1412 1031 1620 1096 alieno
1666 1031 1941 1095 maiores
1986 1031 2187 1096 etiam
2234 1032 2675 1113 possessiones

369 1132 634 1209 habent,
684 1143 963 1212 quarum
1012 1142 1230 1195 amore
1277 1132 1548 1196 adducti·
1592 1132 1858 1196 dissolvi
1903 1133 2080 1215 nullo
2128 1132 2330 1214 modo,
2367 1139 2669 1213 possunt.

370 1233 623 1297 Horum
678 1232 1016 1297 hominum
1071 1233 1314 1313 species
1365 1237 1468 1295 est
1519 1232 1971 1297 honestissima
2030 1234 2211 1309 (sunt
2263 1233 2439 1294 enim
2493 1232 2674 1296 locu-

364 1332 622 1414 pletes),
668 1332 974 1396 voluntas
1018 1342 1171 1397 vero
1213 1338 1282 1396 et
1325 1353 1521 1395 causa
1560 1331 2119 1414 inpudentissima.

272 1449 334 1494 15
367 1431 690 1508 aedificiis,
744 1438 821 1496 tsi
873 1437 1161 1512 argento,
1218 1437 1295 1495 tu
1345 1431 1614 1507 familia,
1669 1438 1746 1495 tu
1796 1433 1988 1495 rebus
2037 1432 2338 1495 omnibus
2392 1437 2669 1494 ornatus

2210 1333 2311 1395 Τῡ
2354 1341 2541 1412 angS,
2590 1338 2672 1397 tn

364 1537 434 1594 et
469 1541 764 1610 copiosus
799 1541 886 1594 sis
920 1538 989 1595 et
1031 1531 1292 1602 dubites
1349 1532 1431 1596 de
1484 1533 1890 1612 possessione
1926 1531 2287 1615 detrahere,⁴
2323 1531 2669 1611 adquirere

365 1628 450 1693 ad
518 1630 751 1694 fidem?
828 1630 1002 1708 Quid
1064 1631 1238 1693 enim
1301 1633 1646 1712 expectas?
1719 1630 1998 1694 bellum?
2082 1630 2255 1707 Quid
2320 1634 2510 1710 ergo?
2597 1631 2668 1692 in

364 1729 733 1793 vastatione
791 1730 1082 1795 omnium
1142 1737 1292 1794 tuas
1369 1730 1801 1812 possessiones
1878 1737 2321 1795 sacrosanctas
2406 1730 2667 1793 futuras

364 1974 534 2018 choioe
560 1976 613 2017 ot
639 1975 725 2017 the
752 1975 1140 2018 demonstrative
1167 1976 1219 2017 oi
1245 1975 1333 2018 the
1360 1975 1466 2017 first

366 2052 543 2094 person
580 2042 622 2084 is
659 2042 918 2094 explained
956 2042 1025 2093 by
1061 2042 1148 2085 the
1184 2042 1349 2085 clause
1385 2042 1470 2092 qui

362 2108 610 2151 nobiscum
651 2109 777 2151 sunt.
855 2107 1241 2152 dissimulant:
1326 2118 1394 2151 sc.
1439 2118 1471 2150 a

363 2175 529 2219 clause
555 2176 682 2217 from
709 2175 806 2219 ilne
834 2178 878 2218 2.

429 2244 473 2293 5,
505 2244 550 2286 6.
584 2242 632 2285 si
666 2271 681 2285 .
715 2271 730 2285 .
765 2272 778 2285 .
810 2241 1035 2285 studeo:
1093 2245 1213 2285 note
1240 2242 1328 2285 the
1356 2242 1471 2285 sub-

360 2307 588 2359 junctive
619 2309 671 2351 in
705 2309 917 2360 protasis
950 2307 1051 2350 and
1084 2308 1170 2352 the
1201 2308 1471 2351 indicative

361 2375 417 2417 in
441 2375 683 2427 apodOSiS.
713 2375 798 2418 the
823 2374 935 2418 idea
960 2375 1012 2417 oi
1036 2375 1362 2426 contingency
1387 2375 1471 2417 be-

358 2441 449 2492 ing
480 2441 773 2493 sufficiently
807 2440 1058 2484 indicated
1091 2442 1160 2493 by
1193 2441 1277 2484 the
1310 2452 1471 2484 mean-

358 2507 449 2559 ino
473 2508 770 2558 (not.mood)
794 2508 846 2550 oi
865 2509 1041 2551 studeo.
1095 2507 1161 2551 So
1179 2508 1231 2550 in
1253 2508 1294 2551 Ι.
1319 2508 1366 2550 1.
1392 2510 1467 2550 15;

359 2574 589 2624 videmur.
628 2575 674 2617 si
711 2575 925 2619 internus.
997 2574 1129 2618 sibi:
1207 2575 1304 2617 'ior
1342 2574 1471 2617 their

361 2651 475 2684 own
500 2641 659 2691 good:
686 2641 791 2685 dat.
819 2642 871 2683 oi
896 2642 1156 2685 reference.
1216 2640 1392 2693 Really
1418 2641 1472 2683 oi

362 2718 428 2750 no
463 2708 642 2759 special
678 2708 817 2759 point
855 2708 907 2750 in
941 2708 1088 2757 itseli‚
1127 2708 1217 2751 but
1254 2707 1469 2750 inserted

359 2775 439 2817 for
478 2774 564 2818 the
604 2775 721 2818 sake
761 2775 813 2817 oi
854 2778 1129 2826 symmetry
1169 2778 1223 2818 to
1264 2774 1469 2817 balance

359 2841 431 2884 rei
451 2841 680 2893 publicae.
762 2842 936 2893 ipsos:
991 2852 1159 2892 agrees
1184 2841 1306 2884 with
1333 2852 1462 2893 quos.

355 2907 394 2952 l.
425 2911 469 2952 4.

444 2973 489 3017 8.
526 2984 596 3018 ox
612 2974 815 3026 quibu·
832 2976 1158 3027 cenez-ibn„
1177 2979 1369 3022 Cicero
1387 2979 1470 3021 dl-

361 3041 501 3084 vides
541 3040 628 3084 the
669 3042 910 3086 followers
947 3043 999 3085 oi
1021 3041 1231 3086 Catiline
1263 3042 1370 3084 into
1391 3042 1467 3083 six

360 3107 553 3158 classes.
577 3108 677 3152 and
704 3109 824 3153 then
857 3110 1100 3153 describes
1135 3108 1221 3152 the
1263 3108 1468 3151 circum-

360 3179 556 3218 stances
600 3176 698 3219 and
727 3176 876 3220 needs
898 3177 950 3219 ot
972 3176 1108 3220 each.

428 3242 471 3290 9,
506 3242 576 3285 10.
618 3242 881 3294 uinculis:
934 3244 1049 3286 ‘one
1094 3241 1164 3294 by
1207 3240 1337 3292 one‚'
1396 3253 1462 3285 se.

360 3309 620 3360 vener-ibus.
699 3310 747 3353 si
787 3317 986 3361 quam:
1078 3320 1144 3353 sc.
1183 3309 1468 3351 medicinam

361 3375 559 3426 adferre.
1020 3373 1025 3376 “

432 3508 596 3552 10-28.
636 3506 731 3551 The
766 3505 896 3552 Fir-sl
934 3506 1087 3552 Classe
1173 3506 1292 3550 Rich
1331 3507 1467 3551 land-

360 3573 557 3625 nowers.
603 3575 682 3618 but
721 3576 895 3627 oreatlv
936 3576 991 3618 in
1031 3574 1298 3625 ‹ioht—theu
1340 3576 1466 3617 must

363 3641 1466 3694 pavthdrdebtsbusellinoallorpartot

359 3707 483 3752 meir
505 3708 635 3758 land,
663 3709 767 3760 518.

432 3777 503 3820 10.
539 3776 755 3822 Unum:
816 3777 923 3823 {the
951 3776 1091 3820 first)
1152 3778 1211 3821 In
1241 3787 1465 3819 enumer-

362 3844 527 3888 ations
565 3854 692 3887 unus
729 3843 828 3887 and
865 3844 980 3887 auor
1022 3843 1190 3895 (alius)
1229 3855 1312 3887 are
1349 3854 1466 3894 gen-

1556 1974 1707 2027 erally
1739 1974 1858 2016 used
1891 1974 2056 2016 before
2087 1974 2264 2023 tertius,
2299 1976 2509 2025 quartus,
2547 1979 2662 2024 etc..

1554 2041 1748 2084 instead
1766 2042 1818 2084 ot
1837 2041 1921 2084 the
1939 2041 2154 2083 ordinals
2171 2041 2360 2091 primus
2378 2040 2478 2083 and
2497 2051 2667 2083 secun·-

1554 2108 1660 2151 dus.
1726 2107 1812 2150 ent
1844 2115 2063 2151 eorum:
2132 2106 2360 2149 ‘consists
2393 2108 2446 2148 of
2479 2107 2665 2150 those:’

1555 2176 1693 2217 case?
1730 2176 1807 2224 (A.
1841 2176 1953 2224 344:
1986 2174 2045 2218 B.
2080 2175 2190 2223 197:
2223 2174 2287 2217 H.
2323 2176 2429 2223 440.
2463 2176 2514 2223 3:
2549 2177 2667 2224 447:

1557 2241 1704 2286 H.-B.
1741 2241 1873 2291 349.)

1622 2308 1696 2351 11.
1729 2309 1793 2351 in
1826 2316 1951 2351 aere
1984 2307 2190 2352 alieno:
2258 2318 2338 2351 see
2385 2318 2450 2350 on
2489 2308 2539 2351 2.
2582 2310 2661 2352 25.

1557 2374 1658 2417 The
1691 2375 1867 2427 phrase
1899 2375 1988 2417 has
2026 2385 2057 2417 a
2096 2375 2375 2418 concessive
2408 2374 2541 2417 force
2576 2374 2665 2417 ‘al-

1556 2441 1745 2492 though
1766 2441 1913 2484 in—.’
1973 2441 2366 2493 possessiones:
2393 2440 2581 2492 always
2608 2441 2663 2483 oi

1559 2507 1759 2551 ‘landed
1786 2508 2054 2560 property!

1622 2577 1695 2618 12.
1730 2574 1981 2618 dissolvi:
2050 2575 2171 2618 ‘free
2204 2573 2498 2617 themselves
2530 2574 2661 2617 from

1555 2641 1709 2690 debt.'
1759 2641 1881 2684 with
1931 2641 2143 2693 perhaps
2192 2652 2223 2683 a
2272 2639 2451 2702 second
2502 2651 2660 2691 sense.

1558 2709 1804 2759 ‘separate
1853 2707 2149 2751 themselves
2196 2708 2323 2750 from
2371 2706 2500 2749 their
2547 2718 2663 2758 pos-

1553 2774 1795 2818 sessions.'
1857 2774 1952 2817 For
1977 2774 2064 2817 the
2089 2772 2318 2817 reflexive
2343 2784 2399 2816 or
2427 2772 2660 2816 ‘middle’

1555 2841 1687 2885 force
1721 2842 1773 2883 oi
1807 2840 1893 2883 the
1929 2840 2123 2892 passive
2157 2851 2236 2883 see
2271 2841 2328 2883 A.
2369 2841 2472 2889 156,
2510 2850 2562 2888 a:
2598 2839 2660 2883 Β.

1555 2910 1659 2958 256,
1696 2910 1742 2957 1;
1773 2908 1836 2950 Η.
1868 2909 1980 2956 517:
2011 2906 2159 2951 H.-B.
2191 2908 2295 2956 288.
2326 2907 2370 2949 3.

1621 2976 1786 3018 13-17.
1823 2974 2052 3025 species:
2156 2972 2399 3015 ‘outward
2450 2983 2660 3024 appear-

1552 3041 1706 3086 ance!
1762 3040 2046 3091 voluntas.
2074 3043 2189 3083 etc.:
2241 3038 2532 3081 ‘intentioris
2556 3037 2658 3081 and

1553 3107 1846 3160 principleS.'
1917 3107 2001 3151 'l'u
2040 3135 2056 3150 .
2095 3135 2111 3150 .
2151 3134 2167 3150 .
2201 3105 2277 3148 sis
2312 3105 2370 3148 et
2406 3104 2659 3148 dubites:

1557 3175 1738 3218 ‘would
1789 3184 1888 3226 you
1939 3173 2001 3217 be
2050 3205 2064 3218 .
2115 3205 2129 3218 .
2180 3203 2194 3217 .
2244 3171 2343 3215 and
2391 3170 2658 3214 hesitate?'

1553 3241 1727 3285 Mood?
1804 3241 1894 3284 See
1939 3252 2006 3283 on
2053 3240 2094 3284 1.
2142 3241 2193 3283 9.
2241 3240 2316 3282 21.
2413 3236 2551 3280 Each
2601 3237 2658 3280 tu

1550 3307 1711 3351 would
1750 3306 2003 3360 naturally
2045 3305 2108 3350 be
2147 3303 2495 3355 accompanied
2529 3303 2601 3356 by
2622 3315 2657 3347 a

1550 3378 1742 3424 gesture
1790 3374 1980 3417 toward
2026 3383 2159 3416 some
2220 3381 2395 3423 person
2454 3373 2657 3421 present

1549 3451 1605 3484 or
1657 3440 1920 3492 imagined.
1990 3441 2248 3492 argento:
2295 3437 2659 3489 ‘suver-platee

1549 3507 1791 3553 tamilla:
1863 3508 2074 3558 ‘slaves,’
2120 3517 2270 3550 never
2323 3504 2543 3556 ‘family’
2602 3505 2658 3548 in

1550 3575 1635 3618 the
1666 3574 1869 3627 English
1898 3586 2051 3619 sense.
2117 3573 2311 3618 fldem:
2343 3582 2399 3614 as
2426 3571 2480 3614 in
2510 3573 2559 3615 ὅ.
2580 3573 2657 3617 15.

1617 3644 1689 3687 18.
1725 3643 2009 3686 omnium:
2068 3639 2359 3685 neut.—·all
2389 3638 2593 3690 things.’
2623 3649 2658 3681 a

1549 3721 1670 3762 very
1713 3719 1821 3752 rare
1864 3719 1950 3752 use
1991 3708 2044 3751 oi
2087 3708 2174 3751 the
2217 3707 2317 3758 adj.
2363 3717 2419 3750 as
2463 3716 2494 3749 a
2525 3705 2658 3749 -sub-

1549 3776 1768 3819 stantive
1797 3775 1873 3818 for
1903 3774 2118 3818 omnium
2148 3785 2304 3817 rerum
2341 3774 2419 3823 (A.
2454 3773 2563 3823 288,
2598 3771 2657 3823 b3

1516 3842 1608 3901 ,3.
1640 3844 1747 3891 236,
1781 3844 1832 3890 2:
1865 3842 1929 3885 H.
1964 3843 2076 3890 494;
2109 3841 2256 3885 H.-B.
2290 3842 2396 3890 250.
2431 3841 2476 3890 2,
2511 3839 2588 3891 b).
