2913 4338
306 281 429 343 426

314 573 373 618 15

314 1774 373 1818 10

312 2271 371 2317 15

1167 281 1471 335 BELLUM
1514 282 1921 337 CATILINAE

403 455 671 519 servitia
718 454 1127 536 repudiabat,
1178 451 1360 516 cuius
1407 451 1594 514 initie
1645 451 1729 516 ad
1777 471 1925 514 eum
1969 471 2244 532 magnae
2287 451 2511 533 cepiae
2548 472 2670 517 con·

406 557 776 631 currebant,
845 553 1078 634 opibus
1143 551 1605 616 coniuratienis
1670 551 1892 627 fretus,
1961 551 2153 615 simul
2220 551 2502 615 alienum
2562 561 2672 616 suis

404 654 773 719 rationibus
796 658 1198 716 existumans
1223 651 1427 714 videri
1451 670 1715 713 causam
1741 651 1982 713 civium
2008 671 2156 715 cum
2181 660 2387 714 servis
2411 651 2673 731 fugitivis

405 753 1002 819 communicavisse.

486 855 589 920 5⁷.
635 852 763 916 Sed
807 857 1159 933 postquam
1207 851 1276 913 in
1324 857 1539 914 castra
1587 850 1857 914 nuntius
1903 850 2205 932 pervenit
2253 852 2503 915 Remae
2549 872 2672 917 con·

404 954 792 1017 iuratienem
856 951 1280 1032 patefactam,
1349 951 1429 1014 de
1496 950 1772 1013 Lentule
1835 957 1904 1014 et
1969 952 2253 1031 Cethege
2323 959 2668 1032 ceterisque,

404 1064 568 1135 ques
619 1062 818 1134 supre
869 1060 1243 1126 memoravi,
1301 1049 1690 1130 supplicium
1746 1057 2106 1132 sumptum,
2164 1051 2477 1132 plerique,
2533 1062 2670 1132 ques

403 1155 489 1219 ad
523 1153 764 1217 bellum
800 1162 946 1233 spes
981 1160 1354 1232 rapinarum
1378 1156 1497 1213 aut
1531 1160 1853 1214 novarum
1890 1161 2105 1215 rerum
2130 1152 2426 1215 studium
2465 1153 2672 1215 inlexe-

404 1261 527 1331 rat,
589 1253 993 1328 dilabuntur5
1048 1250 1327 1330 reliques
1381 1250 1662 1314 Catilina
1702 1270 1818 1331 per
1862 1257 2104 1314 montis
2150 1262 2413 1333 asperes
2454 1261 2673 1332 magnis

404 1353 745 1418 itineribus
789 1354 858 1414 in
901 1372 1127 1430 agrum
1171 1350 1631 1414 Pistoriensem
1677 1351 1946 1414 abducit
1989 1361 2067 1413 ee
2114 1352 2400 1429 censilie,
2448 1359 2544 1415 uti
2579 1372 2673 1434 per

405 1454 703 1518 tramites
771 1451 1021 1517 occulte
1086 1450 1453 1532 perfugeret
1522 1451 1592 1513 in
1659 1450 1936 1514 Galliam
2006 1451 2523 1533 Transalpinam.
2602 1453 2675 1514 At

406 1556 480 1633 Q.
524 1553 819 1616 Metellus
855 1551 1032 1615 Celer
1069 1571 1216 1614 cum
1254 1551 1465 1614 tribus
1499 1550 1858 1631 legienibus
1894 1551 1963 1614 in
2002 1561 2156 1631 agre
2194 1554 2434 1616 Picene
2467 1551 2676 1634 praesi-

407 1656 624 1730 debat,
661 1632 744 1716 er}
777 1651 1160 1715 difficultete
1192 1662 1406 1715 rerum
1439 1652 1667 1715 eadem
1701 1652 1811 1715 illa
1843 1658 2270 1729 existumem,
2307 1673 2478 1732 quae
2507 1660 2678 1733 supre

405 1755 688 1818 diximus
739 1752 1085 1817 Catilinam
1140 1752 1404 1831 agitare.
1496 1752 1705 1831 Igitur
1755 1752 1870 1815 ubi
1922 1753 2047 1815 iter
2099 1753 2236 1815 eius
2288 1773 2372 1815 ex
2422 1753 2678 1834 perfugis

405 1854 727 1934 cognevit,
761 1858 973 1917 castra
1001 1861 1272 1933 propere
1299 1850 1509 1915 mevit
1547 1873 1620 1915 ac
1656 1854 1777 1915 sub
1816 1852 1973 1934 ipsis
2009 1853 2342 1917 radicibus
2382 1854 2677 1918 montium

405 1954 715 2029 censedit,
750 1962 882 2034 qua
910 1952 1002 2014 illi
1032 1952 1374 2014 descensus
1404 1957 1547 2014 erat
1578 1952 1647 2013 in
1678 1951 1955 2016 Galliam
1986 1960 2390 2034 properanti.
2483 1955 2682 2033 Neque

403 2060 628 2117 tamen
658 2052 981 2115 Antenius
1012 2051 1236 2133 procul
1268 2052 1513 2128 aberat,
1549 2057 1780 2132 utpote
1813 2061 1927 2132 qui
1959 2063 2198 2132 magne
2230 2054 2522 2118 exercitu
2550 2055 2683 2118 locis

404 2153 816 2234 aequieribus
855 2151 1199 2235 expeditus
1238 2151 1308 2213 in
1349 2151 1505 2231 fuga
1546 2158 1941 2231 sequeretur.
2034 2152 2162 2217 Sed
2204 2154 2488 2219 Catilina
2528 2159 2684 2237 post-

403 2274 601 2334 quam
625 2254 806 2315 videt
830 2252 1163 2315 montibus
1186 2257 1385 2332 atque
1410 2252 1611 2332 cepiis
1634 2253 1922 2315 hostium
1946 2263 2086 2316 sese
2110 2254 2428 2332 clausum,
2455 2256 2522 2317 in
2544 2256 2681 2317 urbe

401 2364 500 2416 res
529 2354 855 2428 advorses,
886 2371 1097 2431 neque
1122 2352 1313 2432 fugae
1339 2371 1551 2431 neque
1577 2352 1859 2432 praesidi
1884 2352 2088 2415 ullam
2116 2373 2322 2434 spem,
2354 2361 2677 2437 optumum

402 2453 580 2516 factu
631 2458 811 2515 ratus
863 2453 931 2512 in
979 2451 1098 2513 tali
1147 2460 1216 2513 re
1265 2451 1598 2514 fortunam
1650 2452 1801 2513 belli
1852 2457 2201 2534 temptare,
2257 2455 2498 2518 statuit
2546 2472 2672 2517 cum

468 2663 540 2704 14.
573 2661 799 2704 servitia
844 2659 1198 2710 repudiabat:
1263 2659 1378 2702 This
1401 2671 1502 2703 was

400 2727 607 2778 directly
626 2732 856 2778 contrary
875 2730 928 2769 to
947 2727 1031 2768 the
1049 2726 1220 2769 advice
1237 2726 1498 2768 contained

399 2795 453 2839 ln
486 2792 735 2837 Lentulus'
769 2792 1070 2843 intercepted
1102 2792 1246 2835 letter
1284 2792 1382 2841 (44.
1419 2794 1499 2842 15:

399 2861 463 2904 cf.
488 2860 584 2903 111.
633 2862 680 2904 ⁶.
729 2860 827 2908 40).
906 2859 965 2900 In
1013 2858 1087 2900 his
1134 2859 1236 2900 oral
1282 2869 1500 2908 message

400 2926 654 2970 entrusted
675 2931 728 2969 at
749 2925 833 2968 the
853 2936 987 2967 same
1007 2925 1125 2967 time
1143 2929 1196 2967 to
1219 2925 1496 2967 Volturcius

402 2992 636 3036 Lentulus
675 2992 772 3034 had
814 2992 931 3034 used
963 2992 1047 3034 the
1076 2991 1234 3033 words
1262 3002 1352 3043 quo
1392 3003 1502 3034 con-

400 3059 510 3103 silio
537 3089 549 3102 .
567 3090 578 3102 .
595 3059 784 3102 servitia
804 3059 1015 3109 repudiet
1041 3059 1138 3107 (44.
1163 3058 1260 3108 17).
1313 3059 1497 3103 culus:

399 3135 473 3168 we
511 3136 627 3178 may
666 3125 845 3178 supply
884 3124 1066 3177 ueneris
1105 3128 1158 3167 to
1197 3124 1373 3176 justify
1413 3125 1500 3167 the

398 3191 626 3241 singular.
653 3191 840 3242 though
864 3191 949 3234 the
973 3190 1131 3243 plural
1154 3191 1346 3234 servitia
1366 3190 1408 3233 is
1430 3191 1498 3234 its

398 3255 939 3306 thought-antecedent.

467 3323 538 3365 16.
571 3324 906 3367 rationibus:
956 3322 1053 3367 abl.
1102 3323 1230 3367 atter
1269 3323 1502 3374 alienum:

399 3387 476 3432 lor
493 3389 579 3432 the
593 3389 727 3432 werd
742 3390 804 3433 ci.
821 3391 902 3434 44.
939 3393 1013 3436 14.

462 3520 1504 3572 LearninaottheeventsatRome,beset

399 3585 458 3637 bv
498 3587 586 3630 two
627 3587 791 3630 hostile
831 3589 979 3638 forces
1019 3589 1117 3631 and
1157 3591 1234 3632 cut
1274 3590 1342 3641 off
1380 3590 1504 3642 from

399 3652 578 3700 retreat.
601 3652 657 3695 he
678 3654 872 3696 resolves
892 3656 937 3696 to
958 3654 1084 3706 naht.

464 3715 555 3766 57.
589 3719 635 3762 6.
668 3727 871 3769 acrum
914 3720 1327 3766 Pistoriensem:
1414 3724 1501 3767 the

399 3784 566 3833 ποτίσῃ
596 3784 747 3826 about
782 3786 1001 3835 Pistoria.
1033 3798 1063 3829 a
1092 3788 1193 3838 city
1221 3789 1273 3830 ot
1302 3789 1501 3833 Etruria

401 3848 611 3901 perhaps
637 3852 696 3891 20
723 3849 859 3892 miles
884 3850 1151 3894 northwest
1176 3854 1228 3895 or
1254 3854 1501 3900 Faesulae.

1663 2662 1708 2704 7.
1743 2660 1840 2705 At:
1873 2660 2061 2713 change
2075 2663 2129 2706 oi
2143 2672 2306 2716 scene.
2361 2663 2467 2710 The
2481 2669 2683 2708 sentence

1598 2727 1639 2769 is
1657 2726 1911 2779 decidedly
1927 2728 2076 2772 loose.

1664 2794 1738 2837 12.
1771 2792 1854 2838 1111
1874 2794 2175 2840 descensus
2195 2798 2343 2842 erat:
2379 2798 2555 2842 ‘where
2571 2795 2681 2840 cnu-

1598 2858 1711 2909 llne,
1733 2859 1997 2912 hastenlng
2016 2862 2124 2906 into
2148 2863 2290 2915 Gaul,
2314 2864 2415 2908 had
2437 2875 2468 2908 a
2486 2862 2681 2909 desoent’

1597 2926 1753 2976 -l.e..
1782 2927 2018 2979 Metellus»,
2047 2930 2197 2972 north
2221 2930 2274 2973 oi
2298 2931 2385 2974 the
2411 2930 2676 2984 Apennhlae.

1598 2992 1734 3035 beset
1775 2992 1861 3036 the
1900 2994 2019 3046 only
2058 2995 2307 3041 available
2346 3008 2461 3050 pass
2497 2994 2684 3045 through

1598 3059 1751 3104 them.
1818 3059 1933 3102 This
1992 3060 2158 3105 forced
2220 3063 2431 3108 Oatiline
2482 3067 2534 3108 to
2584 3067 2683 3106 turn

1596 3125 1724 3169 back
1767 3126 2070 3179 southward,
2104 3129 2266 3172 where
2295 3131 2539 3184 Antony’s
2561 3137 2683 3178 army

1595 3193 1804 3237 awaited
1830 3193 1951 3239 him.

1662 3262 1735 3303 13.
1771 3261 1970 3312 utpote
1999 3263 2123 3313 qui:
2195 3262 2289 3314 lit..
2318 3263 2398 3308 ‘as
2436 3275 2526 3309 one
2560 3258 2685 3307 who!

1596 3326 1698 3370 The
1717 3328 2038 3379 subjunctive
2063 3341 2318 3382 expresses
2332 3328 2681 3375 characteristic.

1598 3393 1785 3446 though
1804 3395 1844 3438 it
1869 3396 2034 3440 would
2055 3402 2144 3441 not
2165 3397 2229 3441 be
2248 3398 2374 3443 hard
2391 3398 2504 3443 here
2519 3402 2569 3442 to
2585 3392 2683 3439 md

1597 3471 1807 3512 purpose
1822 3463 1929 3506 into
1946 3463 2004 3508 it.

1662 3530 1829 3573 14-16.
1867 3532 2189 3582 “pentum
2250 3531 2432 3586 lightly
2467 3524 2683 3582 equipped

1597 3592 1673 3635 for
1708 3595 1849 3648 rapid
1888 3597 2159 3649 marching.
2225 3600 2291 3644 in
2326 3601 2465 3645 urbo
2495 3606 2574 3643 ro·
2605 3593 2685 3638 ΜΙ-

1598 3668 1810 3707 vortat:
1844 3663 1978 3707 since
2002 3664 2089 3708 the
2113 3665 2329 3710 decisivo
2362 3668 2523 3710 action
2544 3664 2591 3706 ot
2611 3661 2684 3704 the

1598 3732 1935 3777 govemment.
1956 3752 1969 3780 ι
2070 3733 2337 3782 praecidi:
2437 3731 2685 3776 ‘reinteroe-

1599 3800 1735 3836 ment
1748 3794 1761 3814 ’
1786 3796 1883 3842 (see
1903 3807 2105 3849 mamas
2122 3798 2290 3849 copias
2309 3810 2408 3843 sese
2425 3799 2682 3843 habiturum.

1600 3860 1680 3902 ⁸6.
1718 3862 1815 3909 12).
