2913 4338
350 239 471 302 428
1201 243 1508 299 BELLUM
1561 241 1971 301 CATILINAE

445 421 823 477 conmeatus
882 415 1160 493 abunde,
1223 415 1579 497 municipia
1636 423 1836 497 atque
1896 417 2182 482 coleniae
2239 419 2578 498 patebunt:
2651 426 2701 481 si

351 533 413 576 κο
446 520 625 577 metu
666 520 1057 591 cesserimuS,
1098 514 1327 577 eadem
1366 515 1477 579 illa
1515 515 1795 582 advorsa
1832 518 2014 594 fient,
2055 537 2266 597 neque
2303 517 2480 582 locus
2515 538 2701 599 neque

446 622 691 678 amicus
732 614 1080 694 quisquam
1123 620 1301 695 teget
1343 634 1539 696 quem
1583 636 1767 680 arma
1808 626 1941 679 nen
1982 617 2283 680 texerint.
2367 619 2696 695 Praeterea,

444 714 701 791 militeS,
737 723 872 777 nen
904 714 1129 777 eadem
1164 716 1353 778 nebis
1385 722 1454 779 et
1487 716 1611 779 illis
1643 716 2051 780 necessitflde
2083 716 2423 797 inpendet:
2459 727 2568 781 nes
2597 728 2700 799 pre

441 814 675 896 patria,
717 825 837 895 pre
897 814 1216 892 libertate,
1258 826 1378 896 pre
1417 822 1560 879 vita
1613 822 1954 893 certamus,
1998 816 2121 881 illis
2172 828 2696 897 supervacaneum

442 920 541 979 est
585 925 705 995 pre
747 915 1045 995 potentia
1088 925 1443 996 paucerum
1488 926 1794 997 pugnare.
1916 917 2059 994 Que
2103 916 2415 981 audacius
2447 918 2699 998 aggredi-

348 1035 413 1078 21⁵
443 1015 641 1078 amini
684 1024 999 1079 memores
1041 1016 1352 1096 pristinae
1399 1015 1682 1080 virtutis.
1764 1016 1977 1080 Licuit
2025 1019 2210 1079 vebis
2276 1038 2424 1081 cum
2473 1028 2696 1081 summe

441 1115 848 1196 turpitudine
883 1116 950 1177 in
983 1116 1175 1179 exilie
1210 1122 1497 1180 aetatem
1533 1136 1736 1197 agere,
1774 1117 2082 1198 potuistis
2118 1128 2252 1180 non
2286 1118 2445 1181 nulli
2479 1121 2695 1181 Remae

443 1215 692 1279 amissis
747 1216 935 1280 bonis
990 1215 1229 1279 alienes
1285 1226 1440 1297 opes
1495 1223 1863 1297 expectere:
1908 1217 2063 1297 quia
2119 1218 2229 1280 illa
2287 1218 2474 1283 foeda
2525 1224 2694 1298 atque

441 1315 846 1379 intoleranda
891 1316 1046 1379 viris
1093 1316 1504 1393 videbantur,
1554 1318 1710 1380 haec
1757 1326 1939 1397 sequi
1987 1318 2381 1381 decrevistis.
2469 1321 2530 1382 Si
2558 1320 2689 1382 haec

438 1415 795 1495 relinquere
818 1415 1032 1493 voltis,
1060 1417 1335 1479 audacie
1356 1436 1521 1497 opus
1542 1423 1668 1480 est:
1711 1426 1904 1479 nemo
1927 1417 2050 1479 nisi
2076 1419 2285 1481 victor
2309 1428 2463 1498 pace
2484 1417 2690 1481 bellum

341 1534 405 1578 so
438 1515 746 1588 metavit,
834 1516 1004 1578 Nam
1048 1517 1117 1577 in
1161 1517 1315 1596 fuge
1366 1516 1644 1579 saltitem
1700 1526 1976 1597 sperare,
2036 1538 2182 1581 cum
2240 1539 2435 1595 arma,
2488 1518 2690 1597 quibus

439 1636 669 1696 corpus
716 1616 977 1695 tegitur,
1031 1617 1114 1680 ab
1165 1616 1461 1680 hostibus
1514 1622 1845 1693 avorteriS,
1899 1638 1978 1681 ea
2029 1627 2181 1680 vere
2232 1618 2545 1681 dementia
2584 1623 2684 1679 eet.

435 1719 699 1796 Semper
733 1716 800 1777 in
842 1716 1086 1796 proelie
1130 1726 1220 1779 eis
1265 1737 1648 1779 maxumum
1695 1723 1795 1779 aet
1841 1717 2218 1798 periculum,
2267 1727 2381 1797 qui
2422 1724 2689 1780 maxume

437 1817 699 1879 timent:
746 1817 1019 1880 audacia
1055 1826 1173 1898 pre
1211 1826 1397 1879 mure
1437 1819 1733 1880 habetur.

522 1919 536 1946 ‘
555 1918 717 1980 Cum
760 1927 879 1980 ves
922 1917 1271 1994 censidere,
1319 1918 1574 1993 milites,
1611 1923 1680 1981 et
1724 1938 1873 1980 cum
1919 1917 2096 1982 facta
2139 1924 2364 1982 vostra
2407 1924 2682 1993 aaetume,

342 2038 404 2080 35
437 2038 673 2097 magna
720 2028 823 2081 me
870 2028 1015 2098 spes
1063 2018 1372 2081 victeriae
1420 2023 1620 2079 tenet.
1696 2018 1970 2079 Animus
2020 2023 2200 2080 aetas
2250 2018 2455 2081 virtus
2494 2022 2678 2080 vostra

439 2128 541 2182 me
575 2119 939 2195 hortantur,
975 2124 1308 2199 praeterea
1341 2117 1769 2194 necessitside,
1801 2138 1968 2198 quae
2001 2118 2201 2190 etiam
2236 2118 2495 2184 timides
2528 2117 2679 2180 fortis

436 2219 610 2282 facit.
702 2219 869 2281 Nam
908 2218 1263 2282 multitude
1314 2219 1606 2282 hostium
1657 2228 1740 2281 ne
1793 2219 2255 2282 circumvenire
2308 2225 2519 2298 queat,
2559 2237 2677 2297 pro-

437 2319 664 2382 hibent
691 2320 1025 2399 angustiae
1052 2318 1191 2382 loci.
1255 2318 1445 2395 Quod
1473 2327 1527 2380 si
1552 2317 1787 2380 virtuti
1816 2324 2074 2381 vostrae
2101 2319 2368 2381 fortuna
2394 2316 2674 2393 inviderit,

436 2426 662 2482 cavete
699 2418 890 2481 inulti
927 2418 1211 2481 animam
1251 2418 1598 2494 emittatis,
1639 2438 1764 2481 neu
1802 2424 1979 2498 capti
2013 2417 2234 2497 potius
2261 2424 2453 2480 sicuti
2477 2434 2674 2496 pecora

343 2538 400 2580 ιο
435 2518 861 2593 trucidemini,
915 2539 1114 2598 quam
1166 2517 1452 2580 virerum
1505 2527 1682 2581 mere
1724 2524 2093 2597 pugnantes
2137 2523 2472 2581 cruentam
2507 2522 2672 2595 atque

431 2619 793 2682 luctuesam
851 2617 1189 2681 victoriam
1249 2616 1546 2680 hostibus
1601 2616 2021 2696 relinquetis)

495 2886 568 2928 19.
602 2882 974 2927 commeatus:
1019 2892 1085 2923 sc.
1111 2880 1215 2924 erit.
1289 2877 1527 2922 mumol-
1680 2877 1755 2921 28.
1789 2877 1945 2921 viris:
1980 2875 2094 2920 ‘real
2109 2875 2258 2920 men.’

428 2952 536 3004 pla.
566 2950 834 2993 coloniae:
898 2948 967 2991 11.
1002 2947 1081 2991 11.
1114 2949 1159 2991 7.
1679 2945 1755 2987 29.
1790 2950 1945 2995 paco:
1980 2942 2147 2987 abl.ot
2162 2943 2310 2996 price.

493 3019 568 3060 20.
603 3016 787 3060 motu:
819 3014 945 3062 dan:
976 3014 1052 3056 for
1084 3014 1212 3056 form
1241 3022 1322 3056 see
1351 3012 1413 3055 A.
1442 3011 1528 3062 89;
1677 3011 1755 3053 35.
1788 3009 2032 3063 amman.
2065 3013 2180 3055 ete:
2219 3009 2369 3063 ‘your
2382 3007 2529 3063 spirit.
2545 3007 2673 3060 youth

431 3083 489 3127 B.
508 3085 581 3133 49.
600 3086 648 3131 2:
665 3083 729 3125 H.
749 3084 852 3132 131,
872 3080 1084 3130 4:1¹1.-B.
1101 3081 1176 3131 97,
1195 3081 1241 3123 2.
1614 3075 1715 3119 and
1729 3075 1971 3128 contage!

493 3135 568 3193 22.
600 3148 733 3194 min:
766 3148 851 3191 the
866 3148 1186 3198 government
1203 3146 1374 3189 forces.
1676 3143 1755 3189 3⁷.
1786 3149 1950 3189 name
1981 3142 1995 3161 ·
2009 3142 2115 3194 <the
2151 3142 2256 3187 raet
2293 3141 2409 3187 that
2447 3141 2558 3194 they
2589 3141 2677 3183 out-

493 3218 565 3267 23‚
602 3219 675 3259 24.
710 3220 1214 3266 supervacaneum:
1263 3210 1528 3264 ‘unprofit-
1613 3209 1821 3253 number
1851 3220 1910 3254 us
1939 3219 2107 3253 means
2136 3208 2386 3261 nothing),
2418 3207 2522 3260 {orl
2549 3210 2629 3251 etc.

425 3283 568 3326 able!
633 3288 964 3334 paucorum:
996 3290 1027 3322 a
1062 3278 1272 3323 favor-ite
1313 3276 1450 3321 word
1475 3276 1529 3321 ot
1675 3277 1754 3320 39.
1787 3276 1979 3320 caveto
2013 3303 2033 3322 .
2065 3303 2085 3322 .
2117 3303 2136 3321 .
2165 3275 2474 3319 amittatln
2508 3273 2585 3317 ‘do
2606 3274 2675 3316 not

427 3349 649 3393 Sallust's
679 3351 733 3391 to
766 3346 1016 3397 designate
1048 3344 1136 3388 the
1164 3344 1408 3398 patrician
1427 3343 1528 3400 ⁴011-
1611 3341 1824 3387 low—0,
1866 3352 2092 3386 common
2135 3342 2265 3387 torm
2306 3341 2361 3386 ot
2401 3338 2674 3395 prohibition.

425 3415 606 3467 garchy
631 3415 711 3464 (cf.
732 3415 813 3458 80.
852 3416 923 3464 10.
947 3417 1057 3463 etc..
1078 3412 1239 3456 where
1255 3411 1319 3457 he
1342 3423 1455 3457 uses
1478 3412 1521 3458 it
1611 3410 1733 3454 with
1754 3421 1811 3455 or
1833 3409 2043 3455 without
2066 3419 2128 3454 no
2156 3409 2257 3460 (see
2288 3419 2355 3453 on
2379 3407 2477 3464 Ep.
2498 3407 2572 3453 14.
2596 3405 2675 3456 51).

422 3481 634 3531 himsem
667 3481 781 3525 bere
813 3481 876 3525 he
909 3485 1027 3533 puts
1058 3481 1099 3525 it
1134 3480 1245 3525 into
1275 3478 1528 3525 Gatfflne’s
1612 3477 1788 3522 Notice
1812 3476 1925 3524 that
1952 3488 2015 3522 ne
2043 3479 2182 3531 (neu)
2209 3476 2252 3524 is
2281 3475 2403 3522 used
2427 3473 2540 3521 with
2561 3470 2677 3519 md·

422 3548 637 3598 mouth).
702 3556 838 3598 quo:
871 3544 1401 3594 causei—‘therefore’
1608 3543 1809 3592 demini.
1873 3544 1969 3590 For
2001 3543 2216 3590 another
2251 3544 2383 3588 form
2414 3554 2468 3589 οι
2498 3536 2675 3597 prohib!-

488 3615 562 3657 25.
594 3613 757 3657 nouit
795 3642 809 3657 .
845 3642 861 3658 .
897 3642 913 3657 .
944 3620 1131 3665 acore:
1162 3612 1226 3658 ‘it
1263 3622 1368 3657 was
1409 3611 1523 3663 (but
1609 3611 1719 3655 tion
1739 3619 1904 3656 seeon
1924 3611 2009 3658 ⁸2.
2037 3611 2119 3658 53.
2151 3609 2292 3657 with
2308 3610 2398 3656 the
2416 3603 2671 3660 thoughtct

421 3679 464 3723 is
487 3683 573 3722 not
600 3679 731 3729 now)
758 3679 969 3732 possible
993 3683 1047 3723 to
1070 3677 1204 3729 live,’
1228 3677 1352 3733 ‘you
1374 3677 1523 3722 could
1608 3677 1696 3723 the
1729 3676 1916 3729 closing
1946 3680 2176 3722 sentence
2205 3677 2262 3723 ot
2293 3673 2515 3723 ΗΜ
2540 3673 2668 3723 letter.

421 3744 548 3788 bave
564 3745 694 3787 lived
719 3745 830 3793 (but
848 3755 958 3788 now
975 3743 1221 3797 cannot)‚’
1237 3749 1332 3791 etc.
1607 3744 1687 3789 ch.
1718 3745 1803 3790 8⁸.

484 3812 560 3854 27.
596 3813 801 3857 auena:
821 3822 946 3866 opes
965 3814 1273 3866 expectare:
1297 3822 1352 3856 as
1371 3809 1518 3856 beu-s.
1675 3813 1754 3857 41.
1789 3812 2147 3868 reunquautz
2177 3823 2262 3859 see
2282 3822 2356 3861 on
2380 3809 2474 3868 Ep.
2496 3812 2542 3858 δ.
2561 3808 2601 3855 4-
