2913 4338
341 250 460 310 394
1209 254 1513 307 BELLUM
1556 253 1961 321 CATILINAE

346 442 404 483 10
438 432 790 486 amicorum
846 438 1045 504 atque
1097 425 1427 488 clientium
1482 424 1733 488 occulte
1783 425 2089 489 habebat.
2180 426 2539 505 Postquam
2590 427 2714 490 dies

437 523 847 586 comitiorum
904 526 1084 587 venit
1135 531 1203 587 et
1256 524 1572 587 Catilinae
1623 544 1834 604 neque
1886 525 2120 605 petitio
2171 544 2218 586 n
2279 545 2385 605 ,ue
2437 525 2709 600 insidiae,

435 633 599 703 quas
639 623 1010 686 consulibus
1049 623 1118 685 in
1157 633 1390 704 campo
1431 624 1691 700 fecerat,
1735 635 2037 704 prospere
2078 634 2340 700 cessere,
2387 624 2715 688 constituit

434 723 674 786 bellum
705 724 913 787 facere
943 731 1011 787 et
1039 730 1332 787 extrema
1361 724 1582 787 omnia
1610 733 1902 803 experiri,
1936 723 2246 803 quoniam
2277 745 2449 804 quae
2477 724 2712 789 occulte

434 829 899 903 temptaverat,
933 845 1161 904 aspera
1189 824 1509 903 foedaque
1540 829 1909 904 evenerant.

508 923 614 988 27.
662 924 871 1003 Igitur
892 926 957 987 C.
986 923 1298 987 Manlium
1321 923 1628 986 Faesulas
1649 930 1847 1002 atque
1868 923 1937 984 in
1955 943 2100 986 eam
2121 930 2379 1002 partem
2404 924 2708 998 Etruriae,

426 1024 819 1104 Septimium
863 1023 1191 1103 quendam
1237 1024 1604 1086 Camertem
1649 1022 1719 1084 in
1750 1043 1976 1101 agrum
2009 1023 2340 1099 Picenum,
2376 1025 2445 1086 C.
2484 1024 2707 1087 Iulium

426 1125 498 1203 in
525 1124 829 1204 Apuliam
858 1124 1122 1198 dimisit,
1151 1128 1488 1203 praeterea
1516 1122 1714 1185 alium
1743 1121 1887 1197 alio,
1918 1139 2113 1202 quem
2140 1124 2387 1203 ubique
2415 1130 2710 1204 opportu-

425 1243 585 1286 num
631 1223 753 1286 sibi
799 1224 934 1286 fore
979 1223 1301 1286 credebat.
1391 1223 1653 1285 Interea
1698 1223 1948 1285 Romae
1993 1221 2203 1284 multa
2245 1222 2443 1285 simul
2489 1223 2707 1285 moliri:

365 1344 393 1385 5
428 1323 797 1387 consulibus
853 1322 1119 1385 insidias
1163 1322 1446 1397 tendere,
1484 1331 1714 1402 parare
1771 1322 2088 1398 incendia,
2149 1330 2527 1401 opportuna
2583 1323 2707 1386 loca

428 1429 695 1486 armatis
744 1422 1113 1486 hominibus
1162 1422 1473 1485 obsidere.
1563 1421 1713 1501 Ipse
1763 1441 1911 1484 cum
1961 1421 2093 1485 telo
2141 1441 2297 1497 esse,
2351 1421 2514 1485 item
2566 1422 2706 1484 alios

425 1524 662 1600 iubere,
699 1523 946 1585 hortari
977 1529 1075 1585 uti
1108 1516 1359 1603 semper
1391 1522 1630 1585 intenti
1661 1528 2005 1602 paratique
2037 1528 2252 1584 essent
2261 1543 2278 1599 ;
2315 1522 2453 1585 dies
2486 1529 2708 1585 noctis-

425 1642 552 1703 que
595 1625 900 1688 festinare
948 1622 1231 1701 vigilare,
1276 1641 1488 1701 neque
1529 1622 1865 1684 insomniis
1906 1631 2119 1701 neque
2159 1621 2383 1684 labore
2436 1623 2702 1701 fatigari.

426 1724 781 1797 Postremo,
819 1722 932 1784 ubi
966 1722 1175 1784 multa
1210 1723 1487 1801 agitanti
1519 1721 1678 1782 nihil
1710 1722 2023 1800 procedit,
2060 1731 2280 1783 riirsus
2326 1723 2711 1802 intempesta

333 1843 391 1884 10
423 1829 615 1885 nocte
649 1822 1110 1886 coniurationis
1150 1822 1472 1903 principes
1496 1827 1814 1885 convocat
1837 1841 1952 1901 per
1979 1822 2062 1883 M.
2091 1821 2394 1884 Porcium
2427 1823 2709 1896 Laecam,

424 1923 642 2002 ibique
706 1923 915 1985 multa
973 1923 1053 1985 de
1109 1922 1370 2001 ignavia
1425 1931 1648 1983 eorum
1706 1927 1976 2000 questus
2036 1921 2227 1984 docet
2284 1931 2352 1984 se
2413 1922 2709 1985 Manlium

423 2022 827 2102 praemisisse
863 2022 946 2084 ad
1001 2042 1146 2084 eam
1203 2021 1712 2096 multitudinem,
1762 2040 1961 2100 quam
2020 2021 2105 2083 ad
2159 2021 2491 2101 capiunda
2549 2041 2711 2084 arma

421 2128 788 2203 paraverat,
827 2123 985 2185 item
1023 2122 1181 2186 alios
1215 2122 1284 2184 in
1330 2121 1454 2184 alia
1500 2121 1641 2185 loca
1687 2125 2077 2202 opportuna,
2117 2130 2232 2201 qui
2267 2122 2532 2185 initium
2578 2120 2710 2185 belli

423 2223 727 2298 facerent,
778 2233 973 2302 seque
1006 2223 1089 2285 ad
1133 2222 1489 2285 exercitum
1532 2222 1850 2301 proficisci
1903 2241 2156 2300 cupere,
2208 2231 2262 2284 si
2319 2223 2503 2302 prius
2555 2222 2709 2284 Cice-

332 2343 388 2383 15
422 2332 642 2384 ronem
676 2323 1122 2401 obpressisset3
1174 2342 1322 2383 eum
1374 2331 1507 2383 suis
1558 2320 1836 2383 consiliis
1887 2321 2168 2382 multum
2222 2322 2497 2384 officere.

1620 2599 1789 2637 parare
1839 2588 1913 2636 (as
1958 2587 2010 2630 in
2056 2589 2136 2630 26.
2185 2589 2234 2637 4)
2283 2590 2461 2631 carries
2508 2594 2592 2632 out
2637 2588 2707 2630 the

1619 2655 1769 2704 figure
1814 2655 1867 2697 of
1911 2654 2097 2704 setting
2147 2654 2462 2705 (stretching)
2511 2667 2540 2698 a
2585 2665 2707 2697 snare

490 2593 541 2631 11
598 2591 669 2632 12.
703 2588 939 2632 insidiae
969 2597 1108 2639 quan
1144 2618 1157 2631 .
1193 2618 1207 2631 .
1243 2618 1256 2631 .
1286 2587 1519 2631 lecerat:

422 2657 469 2697 cf
510 2657 549 2698 Ι.
575 2658 623 2699 δ.
651 2659 707 2698 14
726 2655 778 2698 ff.

488 2725 560 2765 14.
594 2731 803 2773 aspera,
820 2720 1006 2765 foeda:
1032 2732 1164 2764 nom.
1190 2721 1239 2763 in
1268 2720 1517 2773 predicate

421 2789 538 2831 with
563 2790 804 2832 evenerant
826 2789 878 2831 in
900 2788 985 2832 the
1008 2800 1144 2831 sense
1170 2788 1369 2832 ‘turned
1393 2788 1516 2831 out.'

483 2921 688 2964 Catilina
718 2931 939 2971 preparas
968 2920 1043 2970 for
1072 2931 1189 2970 wan·
1218 2919 1294 2962 his
1322 2920 1514 2971 activity

418 2991 465 3031 at
494 2989 653 3037 Rome,
681 2998 712 3029 a
735 2988 873 3029 secret
896 2986 1106 3039 medina.

481 3052 571 3103 27.
594 3058 638 3099 2.
675 3054 1028 3105 Septimium,
1073 3053 1317 3097 Juuum':
1351 3056 1515 3097 other-

418 3122 530 3164 wise
550 3122 815 3166 unknown.
872 3121 1210 3164 camertem:
1254 3121 1304 3163 ‘a
1324 3131 1441 3163 man
1464 3122 1516 3164 of

419 3188 758 3232 Camerinum:
835 3196 1040 3239 agrum
1071 3188 1365 3232 Picenum:
1449 3189 1512 3230 cf.

419 3253 487 3297 11.
511 3256 559 3298 8.
583 3258 626 3298 2.
645 3267 646 3270 ¹

480 3323 524 3363 3.
558 3320 738 3365 alium
774 3320 907 3364 2110:
985 3321 1098 3365 ‘one
1137 3325 1189 3364 to
1227 3333 1320 3364 one
1358 3321 1511 3374 place,

416 3387 623 3430 another
643 3391 697 3430 to
718 3388 926 3431 another
946 3387 1107 3439 place'
1135 3390 1232 3437 (see
1253 3389 1311 3431 A.
1334 3390 1440 3439 315,
1467 3400 1512 3438 c;

418 3452 476 3494 Β.
518 3456 616 3496 253
664 3457 713 3496 2.
754 3454 821 3495 Η.
860 3457 966 3503 516.
1013 3457 1059 3505 li
1100 3454 1247 3497 H.-B.
1290 3457 1394 3504 279,
1436 3456 1511 3504 3);

416 3518 512 3560 alio
532 3520 644 3563 here
664 3520 705 3562 is
727 3519 811 3563 the
833 3521 1035 3565 adverb.
1089 3530 1261 3573 quem
1282 3521 1507 3573 ubique.

416 3588 529 3627 etc:
610 3588 685 3629 ‘to
724 3588 844 3631 each
883 3589 1022 3641 place
1059 3601 1090 3632 a
1130 3600 1246 3632 man
1284 3589 1407 3639 who,
1449 3588 1511 3631 he

417 3650 642 3703 thought,
673 3654 835 3697 would
864 3655 927 3699 be
954 3656 1110 3699 useful
1140 3660 1193 3699 to
1221 3655 1357 3699 him!

482 3721 588 3761 4—8.
622 3720 805 3764 moliri
844 3747 854 3755 -
887 3745 903 3761 .
936 3749 948 3762 .
981 3721 1231 3773 tangam
1289 3722 1397 3764 how
1428 3734 1510 3765 are

418 3782 553 3825 these
598 3791 681 3827 ten
725 3786 900 3830 infinit‘
968 3798 992 3829 s
1037 3788 1184 3831 used?
1259 3789 1509 3833 tondere:

417 3848 515 3890 this
568 3850 701 3893 word
756 3851 852 3895 bet⁴

1625 2721 1751 2770 (net)
1780 2721 1855 2763 for
1881 2732 2038 2771 game.
2099 2721 2422 2771 opportuna
2454 2752 2468 2764 .
2500 2752 2514 2765 .
2546 2753 2559 2765 .
2587 2721 2708 2764 obti-

1619 2787 1767 2831 dere:
1827 2786 2077 2830 stationed
2109 2797 2222 2829 men
2255 2791 2309 2844 to
2341 2788 2603 2831 command
2631 2788 2706 2830 irn-

1618 2859 1818 2905 portant
1849 2855 2031 2906 points
2095 2863 2230 2897 cum
2259 2853 2375 2897 telo
2405 2864 2547 2899 esce:
2603 2855 2705 2895 ‘was

1615 2920 1806 2964 armed’
1841 2922 1937 2969 (ror
1964 2921 2206 2964 technical
2235 2932 2376 2964 sense
2405 2932 2485 2965 see
2512 2934 2575 2964 on
2601 2922 2638 2964 1.
2663 2921 2704 2962 C.

1616 2989 1714 3037 22).
1783 2987 1945 3032 allon:
2022 2998 2083 3031 30.
2121 2999 2220 3030 esse
2254 2998 2364 3031 cum
2401 2990 2504 3032 telo.
2570 2986 2704 3030 test!-

1615 3063 1772 3098 nare:
1842 3056 1963 3098 ‘was
1996 3066 2060 3097 on
2096 3055 2181 3098 the
2216 3055 2312 3105 go!
2381 3063 2565 3107 neque
2599 3084 2612 3098 .
2645 3083 2657 3097 .
2688 3081 2702 3097 .

1612 3121 1865 3172 fatigari:
1924 3124 1987 3165 cr.
2018 3122 2059 3166 Ι.
2093 3122 2172 3165 10.
2207 3124 2378 3166 11-17.

1676 3188 1814 3233 9-11.
1850 3188 1994 3232 mhss
2030 3189 2306 3240 procemtz
2379 3188 2466 3231 ‘no
2503 3195 2700 3241 progreae

1613 3266 1712 3297 was
1747 3256 1915 3298 made'
1959 3256 2040 3305 (cf.
2077 3266 2225 3306 neque
2262 3287 2275 3299 .
2315 3287 2327 3299 .
2367 3287 2380 3299 .
2418 3266 2597 3304 cessere,
2630 3254 2698 3296 ²⁸.

1616 3323 1713 3372 12).
1783 3322 2043 3366 Laecam:
2114 3333 2169 3364 as
2206 3320 2314 3364 told
2353 3322 2424 3374 by
2462 3323 2628 3368 Cicero.
2661 3319 2697 3360 1.

1611 3390 1660 3432 4.
1703 3391 1745 3438 4.
1793 3389 1923 3432 1411.
1997 3387 2185 3432 multa
2227 3391 2491 3440 questus:
2570 3388 2698 3430 ‘after

1611 3456 1830 3506 uttering
1872 3466 2025 3507 many
2069 3455 2409 3508 complaints?
2454 3457 2528 3499 for
2568 3452 2697 3496 muna

1610 3533 1687 3564 see
1720 3524 1777 3566 A.
1810 3524 1916 3573 390,
1950 3534 1998 3573 c;
2030 3523 2088 3565 Β.
2125 3525 2228 3573 176,
2265 3526 2308 3573 2,
2342 3523 2399 3573 b:
2433 3524 2496 3566 Η.
2528 3523 2625 3570 409,
2656 3520 2697 3566 1:

1611 3590 1740 3631 H.-B
1790 3592 1895 3639 396,
1929 3592 1972 3640 2,
2004 3590 2104 3633 and
2133 3590 2198 3634 cf.
2229 3590 2295 3634 M.
2319 3591 2374 3633 L.
2408 3592 2486 3634 18.
2517 3592 2585 3632 14.

1673 3658 1747 3699 13.
1783 3656 1920 3701 allon
1943 3659 2006 3702 in
2030 3657 2164 3701 alia:
2210 3658 2274 3701 cf.
2300 3658 2455 3701 alium
2478 3657 2582 3704 alio.
2605 3653 2693 3696 1.3.

1673 3726 1745 3767 15.
1783 3724 2052 3769 consulis:
2135 3724 2264 3768 after
2307 3726 2497 3776 officere.
2568 3715 2692 3764 mul·

1607 3791 1760 3835 tum:
1829 3803 1908 3834 see
1943 3803 2007 3834 on
2043 3792 2181 3841 nihil,
2222 3792 2262 3835 Ι.
2302 3793 2350 3836 1.
2387 3794 2433 3835 3.
2501 3790 2589 3833 For
2617 3783 2691 3828 the

968 3858 1087 3896 tuan
1144 3855 1229 3897 the
1282 3866 1510 3898 common
1550 3854 1560 3896 Ι
1605 3857 1822 3902 Incident
1853 3860 1916 3902 cf.
1949 3860 1988 3903 1.
2019 3861 2070 3902 4.
2103 3862 2273 3904 18-26.
