2913 4338
112 560 171 602 25
202 540 484 604 confido.

1099 266 1242 322 cAP
1302 271 1425 337 4—5‚
1468 269 1606 324 9—12

200 439 270 503 in
318 439 536 521 ipsum
586 440 1028 521 familiamque
1076 440 1214 503 eius
1261 439 1534 503 recidat!
1622 439 1813 517 Quod
1860 439 1957 503 ita
2005 439 2302 503 futurum
2351 459 2489 504 esse
2521 407 2527 413 .

573 541 716 603 Iam
779 539 953 602 enim
1017 549 1150 604 non
1211 540 1420 604 solum
1503 539 1814 615 homineS,
1880 539 1994 603 sed
2073 540 2275 603 etiam
2340 539 2501 603 deos

200 640 603 704 immortales
651 639 736 702 ad
781 660 918 702 rem
964 638 1293 719 publicam
1340 640 1853 703 conservandam
1901 639 2180 703 arbitror
2226 649 2497 706 consen-

198 740 379 803 sisse.

468 741 617 804 Sive
683 740 857 803 enim
924 738 1232 820 prodigiis
1299 744 1501 820 atque
1565 744 1888 820 portentis
1957 739 2024 801 di
2091 739 2499 804 immortales

198 841 395 904 nobis
428 840 653 904 futura
684 839 1088 921 praedicunt,
1125 839 1221 902 ita
1254 844 1410 902 sunt
1445 845 1669 919 aperte
1701 839 2147 920 pronuntiata,
2186 846 2262 903 ut
2296 847 2365 904 et
2399 840 2497 903 illi

197 960 418 1021 poena
465 946 534 1004 et
583 941 769 1003 nobis
817 939 1081 1002 libertas
1131 939 1630 1020 adpropinquet,
1682 948 1819 1002 sive
1867 944 2095 1003 tantus
2146 950 2498 1005 consensus

107 1058 168 1101 so
197 1039 500 1105 omnium
540 1039 676 1103 sine
715 1039 975 1120 inpulsu
1016 1038 1283 1103 deorum
1323 1059 1462 1103 esse
1501 1049 1633 1103 non
1672 1040 1911 1120 potuit,
1954 1039 2114 1120 quid
2151 1046 2270 1116 est,
2315 1040 2496 1121 quod

197 1140 283 1204 de
310 1140 659 1203 voluntate
686 1140 1060 1203 caelestium
1088 1139 1389 1203 dubitare
1414 1143 1775 1221 possimus?

280 1242 353 1306 5.
407 1240 756 1320 Reliquum
794 1245 914 1316 est,
957 1239 1257 1317 Quirites,
1299 1246 1378 1303 ut
1417 1250 1537 1305 vos
1580 1240 1649 1302 in
1703 1241 1833 1304 ista
1885 1242 2230 1321 sententia,
2289 1263 2489 1323 quam
2512 1246 2585 1307 11

196 1360 362 1420 prae
392 1340 579 1402 vobis
625 1340 825 1415 fertiS,
856 1340 1295 1420 perseveretis.
1385 1340 1649 1404 Faciam
1697 1341 1913 1421 igitur,
1948 1348 2025 1406 ut
2072 1342 2493 1423 imperatores

196 1445 531 1503 instructa
576 1440 710 1504 acie
753 1439 983 1516 solent,
1019 1459 1422 1521 quamquam
1455 1440 1902 1521 paratissimos
1927 1442 2164 1506 milites
2191 1442 2276 1506 ad
2308 1463 2491 1523 proe-

196 1539 501 1602 liandum
523 1539 812 1616 videant,
840 1545 918 1603 ut
938 1549 1049 1603 eos
1069 1545 1292 1604 tamen
1316 1541 1764 1617 adhortentur,
1788 1549 1878 1604 sic
1899 1561 2018 1622 ego
2040 1552 2158 1606 vos
2194 1542 2494 1608 ardentes

138 1660 168 1702 5
198 1645 270 1704 et
321 1645 574 1703 erectos
621 1639 707 1702 ad
752 1639 1123 1704 libertatem
1170 1639 1657 1721 reciperandam
1706 1641 2113 1705 cohortabor.

2203 1643 2263 1706 N
2267 1652 2352 1707 on
2399 1649 2502 1707 est

199 1741 417 1815 vobis,
457 1739 759 1816 Quirites,
800 1759 949 1803 cum
985 1750 1063 1804 eo
1100 1740 1287 1804 hoste
1323 1746 1673 1818 certamen,
1713 1761 1863 1805 cum
1899 1751 2032 1822 quo
2069 1742 2288 1824 aliqua
2322 1744 2503 1824 pacis

200 1839 505 1904 condicio
547 1859 683 1902 esse
722 1840 947 1921 possit.

1037 1833 1265 1921 Neque
1305 1842 1479 1904 enim
1520 1841 1627 1904 ille
1667 1842 2052 1905 servitutem
2094 1849 2381 1906 vestram
2424 1850 2502 1907 ut

197 1946 424 2016 antea,
467 1939 582 2002 sed
619 1940 751 2002 iam
789 1945 997 2003 iratus
1033 1940 1413 2020 sanguinem
1454 1941 1871 2021 concupiscit.
1945 1941 2005 2004 N
2008 1941 2177 2004 ullus
2214 1952 2274 2005 ei
2312 1942 2505 2007 ludus

198 2040 472 2103 videtur
512 2059 649 2102 esse
690 2039 1030 2102 iucundior
1071 2060 1270 2121 quam
1314 2061 1521 2116 cruor,
1566 2060 1767 2121 quam
1810 2040 2056 2117 caedeS,
2103 2062 2302 2123 quam
2346 2049 2499 2107 ante
2523 2049 2599 2110 12

94 2159 168 2201 -10
197 2138 429 2204 oculos
479 2139 831 2203 trucidatio
883 2140 1141 2203 civium.
1233 2140 1381 2204 Non
1430 2145 1533 2204 est
1583 2141 1771 2205 vobis
1819 2150 1940 2218 res,
1994 2140 2295 2219 QuiriteS,
2350 2163 2500 2207 cum

197 2239 522 2303 scelerato
556 2239 816 2303 homine
852 2260 927 2302 ac
963 2239 1229 2316 nefario,
1265 2239 1381 2303 sed
1415 2261 1566 2304 cum
1601 2240 1873 2307 immani
1907 2246 2249 2323 taetraque
2283 2242 2494 2321 belua,

267 2536 348 2579 24.
414 2534 631 2585 ipsum:
707 2536 925 2587 Antony.
1016 2534 1317 2578 familiam:

200 2605 293 2644 not
336 2599 415 2642 his
459 2598 675 2651 ‘family’
716 2610 772 2643 as
809 2612 883 2644 we
922 2611 1007 2644 use
1045 2601 1131 2644 the
1166 2600 1315 2651 word,

198 2667 296 2711 but
350 2665 430 2708 his
482 2665 736 2711 followers.
801 2666 904 2710 The
939 2667 1072 2710 word
1125 2666 1317 2718 familia

201 2730 497 2784 commonly
524 2736 691 2775 meant
721 2744 752 2776 a
777 2733 938 2776 man's
965 2732 1126 2776 slaves
1164 2734 1316 2777 taken

198 2796 516 2852 collectively
574 2799 657 2849 (cf.
704 2799 776 2843 11.
825 2802 876 2844 8.
925 2800 1004 2850 15;
1053 2800 1118 2843 Μ.
1159 2800 1214 2844 L.
1266 2802 1316 2844 8.

267 2936 349 2978 27.
391 2936 533 2978 sivo:
581 2932 653 2975 ‘If
676 2944 742 2976 on
765 2933 850 2978 the
876 2944 970 2978 one
990 2932 1123 2977 hand
1136 2934 1315 2977 ’—cor-

196 3000 413 3045 relative
430 3006 483 3046 to
502 2999 601 3043 sive
620 3000 701 3050 (Ἥ
720 3010 784 3042 on
802 3001 887 3044 the
907 3001 1049 3044 other
1064 3000 1198 3044 hand
1211 3001 1261 3051 ’),
1277 3000 1310 3045 1.

199 3069 280 3112 29.
298 3067 569 3121 prodigiis
590 3068 761 3119 atque
780 3068 1079 3119 portentis:
1113 3067 1200 3111 the
1214 3067 1313 3110 Ro-

198 3144 350 3178 mans
364 3146 490 3179 were
519 3137 655 3185 great
676 3133 909 3177 believers
937 3133 987 3176 in
1011 3134 1193 3185 ‘signa’
1213 3134 1311 3177 and

200 3202 290 3244 the
304 3202 548 3245 historian
565 3200 692 3253 Livy
708 3200 842 3250 gives
855 3200 972 3252 long
983 3200 1090 3243 lists
1104 3201 1157 3243 of
1172 3199 1311 3244 those

198 3267 318 3311 that
370 3279 497 3312 were
559 3266 755 3310 noticed
818 3267 983 3311 before
1038 3268 1308 3319 important

198 3338 395 3379 events.
465 3335 560 3379 For
576 3333 718 3377 those
735 3333 845 3377 that
865 3334 1075 3377 ioretold
1094 3334 1310 3378 Caesar-’s

197 3400 290 3445 iau
325 3401 442 3445 read
475 3400 790 3452 Shakspere's
823 3401 1022 3444 Hamlet
1058 3401 1099 3444 Ι.
1128 3403 1169 3444 1.
1201 3402 1311 3444 114-

202 3470 320 3518 120;
353 3468 514 3512 Julius
548 3468 723 3512 Caesar
759 3467 800 3511 Ι.
833 3469 880 3512 3.
916 3470 1053 3511 1-32.
1120 3467 1311 3510 Doubt-

197 3534 300 3578 less
316 3536 487 3579 others
502 3534 604 3578 had
622 3534 748 3577 been
763 3533 998 3578 observed
1013 3534 1068 3577 in
1084 3533 1171 3577 the
1184 3533 1310 3578 later

198 3602 408 3644 months
425 3602 479 3644 of
495 3601 582 3644 the
599 3612 717 3653 year
736 3604 798 3644 44
821 3601 903 3651 (cf.
923 3600 1009 3644 the
1025 3601 1159 3652 signs
1174 3611 1310 3644 men-

199 3668 374 3713 tioned
389 3668 443 3711 in
458 3668 555 3713 111.
590 3670 640 3711 8.
676 3668 868 3718 12-18).

268 3737 332 3779 28
380 3734 489 3779 mi:
521 3735 742 3785 asinum,
757 3733 791 3777 1.
812 3737 884 3778 12.

265 3804 347 3846 30.
380 3800 521 3854 quid
546 3802 632 3846 est
659 3801 832 3854 quod:
885 3801 1038 3845 ‘what
1066 3811 1240 3845 reason
1266 3801 1309 3844 is

205 3868 345 3914 there
358 3868 526 3922 why?’
546 3869 631 3919 (M.
650 3869 704 3912 L.
736 3868 820 3913 24.
851 3868 921 3922 8).

1476 2534 1548 2580 Be
1588 2536 1710 2588 firm.
1754 2537 1905 2588 follow
1946 2536 2151 2587 citizens,
2185 2538 2241 2581 in
2278 2538 2501 2592 recidiua
2599 2544 2603 2548 “

1403 2601 1499 2644 mie
1524 2604 1729 2646 monster
1765 2603 1866 2646 who
1891 2603 2052 2646 thirsts
2077 2604 2154 2655 for
2177 2614 2265 2647 our
2290 2605 2434 2649 blood.

1465 2665 1520 2716 5.
1556 2671 1600 2712 2.
1634 2677 1764 2720 prae
1793 2669 1948 2712 vohis
1980 2669 2161 2713 fertis:
2198 2671 2435 2722 ‘profesa’

1466 2737 1511 2779 4.
1544 2735 1799 2779 vidant:
1830 2735 2079 2779 attracted
2101 2739 2155 2779 to
2176 2736 2323 2779 mood
2343 2738 2395 2780 of
2414 2739 2500 2781 ad-

1400 2800 1640 2844 hortentur
1686 2801 1784 2851 (see
1805 2813 1871 2846 on
1893 2802 1962 2845 ΙΙ.
1993 2803 2046 2846 2.
2078 2802 2148 2865 8).
2214 2802 2281 2847 ut
2303 2803 2500 2848 adhor-

1400 2868 1621 2912 tentur:
1652 2868 1815 2919 object
1851 2868 1903 2912 of
1935 2869 2101 2920 tacere,
2139 2872 2193 2912 to
2228 2869 2289 2913 be
2322 2870 2499 2913 under-

1399 2934 1543 2977 stood
1565 2934 1686 2979 with
1707 2935 1867 2979 solent.
1913 2936 2015 2979 sict
2048 2934 2331 2980 correlative
2352 2940 2405 2980 to
2426 2938 2494 2986 ut.

1397 2999 1432 3046 1.
1466 3004 1513 3045 2.
1578 3001 1681 3045 The
1712 3005 1939 3045 sentence
1971 3002 2115 3045 takes
2146 3013 2177 3045 a
2209 3002 2337 3046 fresh
2369 3006 2495 3047 start

1397 3067 1512 3111 here
1542 3067 1931 3119 (anacoluthon),
1958 3067 2151 3111 instead
2176 3069 2228 3112 of
2252 3068 2498 3121 following

1397 3137 1486 3177 out
1508 3135 1701 3187 strictly
1720 3133 1806 3178 the
1824 3134 1942 3187 plan
1961 3135 2217 3185 suggested
2237 3139 2289 3179 at
2309 3135 2395 3179 the
2412 3136 2497 3179 be-

1397 3201 1613 3253 ginning.
1678 3201 1960 3245 ardentes}
2030 3201 2235 3253 ‘though
2285 3202 2498 3254 burning

1396 3268 1496 3311 and
1511 3268 1685 3320 eager.’

1461 3337 1503 3387 7,
1538 3336 1585 3379 8.
1619 3343 1801 3387 neque
1837 3364 1852 3379 .
1889 3364 1904 3379 .
1941 3364 1955 3379 .
1989 3335 2355 3387 concupiscit:
2376 3335 2496 3379 ‘For

1395 3400 1459 3445 he
1484 3401 1601 3445 does
1625 3404 1715 3444 not
1744 3401 1900 3445 desire
1927 3411 2051 3453 your
2077 3401 2409 3453 subjugation,
2438 3413 2495 3446 as

1401 3468 1485 3518 (he
1502 3468 1609 3520 did)
1629 3468 1811 3518 before.
1832 3469 1937 3519 but,
1956 3468 2165 3519 angered
2181 3479 2305 3519 now,
2323 3468 2496 3513 thirsts

1395 3535 1471 3578 for
1486 3545 1610 3588 your
1623 3535 1805 3579 blood!

1461 3604 1536 3646 10.
1569 3610 1685 3645 non
1704 3602 1790 3646 est
1809 3610 1919 3645 ruz
1954 3600 2075 3653 ‘you
2096 3601 2225 3644 have
2245 3604 2299 3644 to
2319 3601 2383 3644 do
2403 3605 2493 3645 not

1393 3668 1515 3711 with
1544 3679 1575 3711 a
1602 3678 1733 3719 man,
1765 3667 1856 3710 but
1885 3667 2007 3710 with
2034 3678 2065 3710 a
2093 3668 2196 3711 foul
2226 3667 2324 3711 and
2354 3678 2495 3710 mon-

1394 3731 1556 3778 strous
1580 3734 1736 3778 beast’
1766 3735 1848 3784 (cf.
1873 3734 1960 3777 the
1980 3734 2240 3786 metaphor
2261 3734 2313 3776 in
2338 3734 2405 3778 ΙΙ.
2441 3733 2494 3777 1.

1395 3804 1469 3851 20,
1506 3803 1581 3850 21.
1621 3801 1780 3844 where
1819 3800 2025 3844 Catilina
2060 3799 2103 3842 is
2137 3798 2330 3843 likened
2368 3803 2424 3843 to
2459 3810 2493 3843 a

1393 3867 1509 3911 wolf
1523 3867 1694 3912 driven
1709 3868 1835 3911 from
1848 3868 1914 3910 its
1928 3866 2087 3920 prey).

2470 265 2595 328 3212
