2913 4338
339 268 459 331 412

341 665 400 706 10

341 1165 400 1206 15

338 1664 402 1708 20

1200 272 1506 326 BELLUM
1549 271 1956 326 CATILINAL

434 440 612 508 sacto
662 462 811 508 cum
863 445 1009 510 telis
1060 444 1144 509 ad
1194 455 1331 510 sese
1381 447 1847 526 inrumperent.
1935 445 2172 510 Consul
2222 444 2338 507 ubi
2387 464 2465 507 ea
2510 449 2689 524 parari

434 545 761 625 cognovit,
809 545 1140 625 dispositis
1181 545 1537 625 praesidiIS,
1583 551 1662 608 ut
1704 556 1803 609 res
1848 551 2047 626 atque
2090 550 2352 624 tempus
2395 544 2686 615 monebat,

433 649 796 709 convocato
829 651 1061 708 senatu
1095 645 1311 721 refert,
1348 645 1508 725 quid
1543 646 1623 708 de
1657 655 1750 708 eis
1783 646 1920 708 fieri
1952 644 2227 725 placeat,
2266 653 2381 724 qui
2414 644 2481 705 in
2513 648 2689 706 custo-

433 745 610 809 diam
674 745 903 808 traditi
964 752 1169 808 erant.
1260 746 1385 809 Sed
1448 756 1559 809 eos
1620 746 1818 827 paulo
1882 751 2036 808 ante
2099 745 2402 823 frequens
2464 748 2690 805 sentitus

433 846 837 909 iudicaverat
900 851 1129 910 contra
1189 865 1326 907 rem
1390 846 1722 926 publicam
1787 846 2029 909 fecisse.
2116 845 2284 906 Tum
2352 846 2433 906 D.
2502 842 2690 905 Iunius

434 947 691 1011 Silanus
735 954 984 1025 primus
1031 946 1424 1008 sententiam
1474 953 1759 1027 rogatus,
1811 946 1988 1026 quod
2035 954 2113 1008 eo
2161 951 2456 1024 tempore
2504 941 2687 1006 consul

436 1047 812 1125 designatus
838 1050 998 1120 erat,
1031 1046 1112 1109 de
1138 1053 1248 1122 eis,
1279 1055 1393 1126 qui
1420 1047 1491 1107 in
1519 1047 1830 1109 custodiis
1857 1047 2269 1120 tenebantur,
2299 1050 2368 1108 et
2395 1049 2690 1125 praeterea

433 1147 514 1210 de
563 1147 633 1208 L.
685 1145 904 1208 Cassio
954 1145 1024 1207 P.
1078 1147 1274 1208 Furio
1324 1147 1394 1209 P.
1447 1147 1782 1210 Umbreno
1832 1146 1909 1223 Q.
1964 1146 2196 1221 Annio,
2247 1153 2300 1207 si
2351 1145 2689 1225 deprehensi

435 1247 667 1321 forent,
722 1244 1110 1325 supplicium
1162 1247 1561 1309 sumundum
1616 1248 1990 1310 decreverat
2001 1268 2016 1323 ;
2069 1247 2252 1326 isque
2303 1250 2532 1325 postea
2574 1261 2688 1324 per·

434 1351 654 1408 motus
693 1346 985 1409 oratione
1024 1347 1073 1409 C
1135 1346 1423 1409 Caesaris
1462 1346 1738 1426 pedibus
1776 1346 1844 1407 in
1882 1346 2274 1409 sententiam
2314 1344 2410 1406 Ti.
2457 1342 2688 1407 Neronis

436 1446 679 1537 iturum
724 1455 792 1510 se
837 1445 1024 1521 dixit,
1072 1446 1248 1525 quod
1293 1447 1373 1510 de
1416 1456 1495 1510 ea
1535 1457 1605 1510 re
1647 1446 1983 1527 praesidiis
2028 1447 2269 1509 additis
2310 1444 2686 1509 referundum

434 1552 789 1611 censuerat.
909 1546 1035 1609 Sed
1095 1547 1346 1623 Caesar,
1411 1545 1526 1610 ubi
1587 1547 1671 1610 ad
1731 1567 1881 1621 eum
1944 1553 2217 1609 ventum
2278 1552 2399 1620 est,
2461 1549 2689 1623 rogatus

433 1646 828 1710 sententiam
878 1654 918 1708 a
963 1645 1222 1709 consule
1268 1646 1534 1710 huiusce
1581 1646 1759 1711 modi
1806 1648 2007 1709 verba
2051 1645 2308 1709 locutus
2354 1652 2478 1708 est:

514 1747 617 1811 51.
666 1747 915 1809 ‘Omnis
959 1746 1269 1821 homineS,
1315 1754 1538 1826 patres
1582 1754 1950 1826 conscripti,
1998 1754 2111 1826 qui
2155 1745 2235 1810 de
2279 1746 2470 1809 rebus
2511 1741 2687 1805 dubiis

434 1845 830 1923 consultant,
888 1851 970 1909 ab
1025 1844 1175 1909 odio
1229 1846 1536 1922 amicitia,
1592 1856 1688 1909 ira
1742 1854 1942 1927 atque
1996 1844 2434 1909 misericordia
2485 1849 2687 1905 vacuos

433 1967 569 2009 esse
634 1946 837 2010 decet.
930 1945 1129 2034 Haud
1195 1946 1380 2009 facile
1446 1946 1702 2010 animus
1765 1958 1992 2011 verum
2055 1945 2378 2027 providet,
2444 1944 2549 2007 ubi
2600 1940 2687 2002 illa

433 2046 743 2122 officiunt,
775 2066 984 2126 neque
1011 2046 1355 2127 quisquam
1386 2048 1678 2112 omnium
1704 2048 1980 2110 lubidini
2006 2047 2197 2109 simul
2222 2053 2291 2109 et
2316 2055 2460 2109 sisui
2483 2040 2681 2124 paruit.

435 2146 564 2212 Ubi
600 2145 953 2210 intenderis
989 2146 1336 2227 ingenium,
1377 2147 1581 2212 valet:
1626 2157 1681 2211 si
1716 2146 1938 2212 lubido
1974 2146 2282 2228 possidet,
2323 2167 2401 2210 ea
2437 2143 2684 2209 domina·

432 2255 558 2322 tur,
615 2248 869 2309 animus
921 2247 1078 2309 nihil
1131 2247 1325 2311 valet.
1417 2249 1654 2329 Magna
1704 2248 1863 2310 mihi
1913 2249 2099 2328 copia
2149 2254 2249 2310 est
2300 2240 2680 2313 memorandi,

430 2354 651 2428 patres
696 2355 1062 2427 conscripti,
1109 2356 1222 2427 qui
1264 2357 1443 2427 reges
1488 2356 1686 2429 atque
1727 2349 1953 2429 populi
1994 2356 2091 2410 ira
2134 2353 2251 2409 aut
2294 2340 2685 2408 misericordia

430 2446 668 2528 inpulsi
708 2446 876 2508 male
919 2446 1377 2510 consuluerint.
1469 2447 1594 2511 Sed
1636 2469 1713 2511 ea
1754 2448 1926 2509 malo
1968 2446 2196 2522 dicere,
2242 2466 2411 2528 quae
2452 2446 2683 2505 maiores

497 2659 569 2700 10.
604 2655 797 2700 referte
845 2656 974 2699 asin
999 2657 1061 2699 2⁰
1107 2660 1150 2700 4.
1210 2656 1370 2707 qma:
1418 2657 1534 2699 sub-

427 2722 527 2774 Ject
555 2724 606 2766 ot
632 2724 757 2775 fieri:
784 2723 869 2767 the
894 2724 1138 2766 infinitive
1164 2724 1327 2766 clause
1352 2724 1393 2765 is
1419 2723 1534 2766 sub-

428 2789 527 2841 Ject
551 2791 603 2833 ot
626 2790 820 2841 placeat.
880 2790 1014 2835 With
1038 2790 1216 2841 placeat
1238 2801 1304 2833 sc.
1327 2790 1533 2832 senatui.

497 2860 569 2901 12.
603 2856 821 2900 recisse:
869 2856 989 2900 ‘had
1016 2856 1194 2900 acted!

497 2926 567 2973 13,
602 2926 674 2967 14.
710 2922 951 2967 suanus:
1007 2933 1085 2966 see
1113 2922 1199 2966 1v.
1229 2924 1278 2966 4.
1311 2924 1353 2967 1.
1414 2931 1536 2967 sen·

429 2990 697 3034 tentiam:
780 3001 858 3032 see
900 3000 965 3033 on
1008 2990 1158 3032 multa
1201 2990 1315 3039 alia,
1361 2990 1443 3033 25.
1489 2993 1532 3034 4.

428 3057 528 3101 and
562 3057 625 3100 ct.
661 3058 741 3100 45.
780 3059 823 3099 2.
895 3056 1046 3107 quod
1085 3085 1099 3099 .
1139 3086 1153 3099 .
1193 3086 1207 3099 .
1243 3057 1388 3101 erat:
1455 3067 1535 3099 see

431 3123 772 3167 Introduction
798 3135 847 3175 p.
874 3124 948 3167 68.
981 3122 1273 3174 §5104—106.
1332 3123 1410 3166 01⁸
1435 3122 1533 3174 qul

434 3219 449 3233 .
484 3219 498 3234 .
533 3220 546 3234 .
578 3190 943 3234 tenebantur:
1009 3190 1127 3233 Five
1157 3200 1240 3232 are
1270 3189 1450 3233 named
1481 3189 1532 3232 in

429 3258 510 3301 4⁸1.
541 3259 705 3300 17—20.

495 3326 568 3367 16.
603 3324 943 3368 decreverat:
1031 3323 1149 3366 ‘had
1193 3323 1374 3367 moved
1417 3322 1529 3367 that

430 3391 515 3434 the
545 3395 713 3434 senate
743 3391 935 3434 decree'
975 3393 1073 3442 (see
1103 3402 1169 3434 on
1199 3391 1408 3441 removet.
1443 3390 1531 3433 1v.

496 3527 567 3575 17,
599 3526 671 3568 18.
707 3526 939 3577 pedibus
988 3556 1002 3570 .
1049 3557 1062 3570 .
1111 3556 1124 3569 .
1173 3526 1396 3571 iturum
1444 3535 1529 3587 σος

434 3592 614 3636 ‘would
638 3596 755 3636 vote
778 3593 887 3641 for.'
913 3593 978 3644 by
1002 3594 1148 3644 going
1167 3593 1286 3635 with
1309 3593 1395 3636 the
1416 3604 1531 3645 sup-

431 3665 619 3712 porters
655 3661 706 3702 ot
742 3659 827 3702 the
863 3670 1084 3703 measure
1119 3663 1173 3702 to
1209 3670 1302 3704 one
1338 3660 1442 3703 side
1477 3661 1530 3702 of

431 3726 516 3769 the
557 3729 884 3769 senate-mom
926 3725 1067 3768 when
1111 3725 1366 3769 ‘division'
1413 3726 1529 3775 (dis-

431 3792 598 3840 cessio)
633 3802 733 3846 was
767 3789 921 3833 called
958 3792 1048 3833 for.
1116 3792 1401 3842 mondus
1435 3791 1530 3835 td·

1626 2655 1805 2706 guards
1831 2666 1955 2698 were
1981 2654 2365 2705 strengthened!
2427 2653 2578 2696 Nero’s
2599 2658 2679 2691 mo-

1627 2723 1732 2765 tion
1756 2726 1923 2765 meant
1949 2722 2134 2774 merely
2157 2734 2187 2764 a
2212 2726 2587 2774 postponement.

1692 2789 1764 2831 19.
1794 2789 2011 2832 Gaetu:
2051 2789 2214 2832 Cicero
2233 2792 2388 2831 states
2407 2788 2487 2831 the
2504 2780 2680 2838 proposi-

1627 2855 1733 2898 tion
1759 2855 1811 2897 ln
1837 2855 2101 2898 substanoe
2127 2856 2179 2897 in
2205 2855 2293 2898 IV.
2320 2856 2370 2898 4.
2398 2858 2441 2898 5.

1691 2988 1909 3031 Caesar'a
1952 2988 2138 3040 speech:
2193 2987 2302 3030 ‘We
2344 2987 2467 3031 must
2506 2982 2682 3028 consider

1626 3054 1700 3097 the
1725 3054 1939 3105 question
1953 3055 2377 3106 dispessionatelv'
2409 3054 2475 3104 (li.
2506 3052 2633 3097 1-25).

1690 3118 1781 3169 51.
1798 3123 1842 3164 3.
1860 3120 1982 3165 1112:
2018 3121 2104 3165 the
2119 3124 2341 3174 passions
2359 3120 2527 3165 named
2544 3120 2584 3160 in
2600 3117 2628 3158 l.
2648 3117 2682 3157 2.

1691 3191 1734 3230 4.
1770 3188 1982 3239 paruitx
2022 3199 2052 3231 a
2073 3189 2265 3238 general
2287 3188 2442 3238 truth,
2465 3178 2682 3238 expressed

1626 3255 1694 3306 by
1735 3254 1820 3297 the
1860 3254 2092 3299 so·called
2137 3255 2374 3306 ‘gnomic’
2416 3254 2584 3307 perfect
2622 3250 2682 3297 (A.

1628 3324 1738 3370 475;
1771 3317 1829 3365 B.
1863 3323 1968 3369 262.
2008 3324 2053 3370 1;
2087 3322 2151 3365 H.
2185 3323 2291 3371 538.
2329 3325 2379 3371 5:
2413 3322 2550 3365 H.-B.
2579 3315 2682 3365 488).

1625 3387 1782 3430 which
1834 3398 2004 3432 occurs
2057 3388 2338 3440 trequently
2388 3390 2437 3431 in
2487 3388 2565 3432 the
2607 3390 2685 3427 two

1624 3456 1853 3508 speeches
1877 3455 1988 3499 that
2015 3455 2193 3499 follow.

1687 3527 1730 3571 5.
1759 3527 1805 3568 6.
1838 3525 2172 3570 intenderis:
2263 3522 2567 3574 subjunctive
2623 3518 2685 3563 (A-

1624 3594 1730 3640 520,
1779 3595 1826 3640 1:
1870 3592 1927 3635 Β.
1972 3594 2079 3641 356.
2125 3594 2175 3641 3:
2221 3592 2284 3635 H.
2330 3593 2437 3639 602.
2481 3592 2526 3637 4:
2566 3581 2686 3628 H··B·

1623 3660 1728 3708 504.
1758 3659 1826 3709 2).
1884 3667 1972 3703 ea:
2020 3659 2194 3702 lubido.
2257 3656 2402 3701 num
2425 3654 2586 3700 valet:
2624 3657 2686 3691 see

1620 3735 1686 3767 on
1729 3726 1841 3777 plus
1880 3726 2092 3775 voluer-it,
2140 3726 2226 3768 IV.
2271 3726 2352 3768 10.
2393 3726 2439 3768 6.
2510 3721 2686 3770 w

1626 3820 1641 3834 .
1667 3820 1682 3834 .
1708 3821 1722 3835 .
1746 3793 2123 3847 memorarunt
2169 3792 2214 3834 ‘1
2237 3791 2368 3835 have
2388 3803 2418 3834 a
2440 3791 2565 3841 great
2585 3778 2684 3828 tund

431 3858 588 3902 ultis:
635 3854 732 3898 abl.
758 3855 984 3898 absolute
1008 3856 1061 3899 of
1085 3857 1415 3901 time—‘atter
1439 3858 1526 3901 the
1620 3859 1672 3900 ot
1706 3860 1950 3908 (materIal
1978 3861 2076 3910 for)
2106 3860 2349 3910 maringe
