2913 4338
1057 286 1215 341 CAP.
1260 253 1383 351 445,
1427 280 1503 362 §g
1550 288 1686 341 8-11

137 481 190 523 15
221 471 368 524 suas
419 461 904 540 obligaverunt3
955 471 1055 524 res
1103 471 1212 523 eos
1261 460 1392 522 iam
1442 459 1693 539 pridem
1745 459 2046 534 deseruit,
2100 459 2260 522 fides
2309 468 2516 539 nuper

220 561 491 624 deficere
542 561 782 641 coepit;
832 560 1060 623 eadem
1110 567 1332 623 tamen
1380 560 1509 636 illa,
1562 579 1729 640 quae
1776 565 1919 622 erat
1966 559 2036 622 in
2084 558 2507 635 abundantia,

217 661 444 725 lubido
480 666 840 741 permanet.

930 660 1176 737 Quodsi
1211 662 1277 723 in
1312 669 1468 723 vino
1501 665 1571 723 et
1607 659 1748 723 alea
1781 659 2266 722 comissationes
2301 659 2513 721 solum

215 769 285 825 et
314 767 537 824 scorta
574 766 976 842 quaererent,
1014 764 1230 824 essent
1263 761 1354 823 illi
1395 760 1659 841 quidem
1702 759 2103 840 desperandi,
2137 759 2251 822 sed
2292 765 2516 822 tamen

217 868 439 926 essent
499 862 772 938 ferendi;
832 862 951 924 hoc
1010 871 1166 924 vero
1222 861 1368 941 quis
1424 861 1588 924 ferre
1644 862 1869 941 possit,
1929 861 2167 923 inertes
2194 859 2517 923 homines

132 982 190 1025 20
219 962 596 1026 fortissimis
639 962 792 1023 viris
835 961 1141 1037 insidiarI,
1187 960 1608 1023 stultissimos
1649 961 2184 1040 prudentissimis
2232 961 2516 1024 ebriosos

217 1062 474 1138 sobriIS,
554 1061 935 1125 dormientis
1008 1060 1465 1140 vigilantibus?
1568 1069 1700 1140 qui,
1777 1060 1934 1122 mihi
1996 1062 2388 1125 accubantes
2449 1062 2519 1122 in

220 1162 547 1227 conviviis
594 1161 891 1242 conplexi
936 1161 1233 1224 mulieres
1278 1160 1636 1240 inpudicas,
1686 1168 1840 1223 vino
1884 1160 2191 1240 languidi,
2243 1161 2518 1224 conferti

221 1264 390 1340 cibo,
440 1266 632 1324 sertis
673 1260 976 1336 redimiti,
1021 1266 1372 1339 unguentis
1414 1260 1621 1336 obliti,
1668 1259 1992 1323 debilitati
2033 1267 2293 1341 stupriS,
2340 1270 2520 1324 eruc-

221 1369 375 1426 tant
424 1360 831 1424 sermonibus
876 1369 1009 1422 suis
1053 1360 1317 1424 caedem
1363 1360 1684 1423 bonorum
1730 1366 1930 1440 atque
1974 1361 2153 1424 urbis
2197 1361 2513 1424 incendia.

134 1483 192 1525 25
222 1462 482 1540 Quibus
519 1480 640 1540 ego
680 1459 940 1524 confido
977 1459 1347 1540 impendere
1384 1459 1599 1521 fatum
1640 1459 1922 1539 aliquod,
1962 1466 2031 1522 et
2067 1481 2346 1540 poenam
2386 1461 2518 1523 iam
2542 1465 2616 1525 11

222 1663 355 1725 iam
382 1661 584 1742 plane
615 1665 734 1723 aut
759 1664 934 1724 certe
968 1658 1508 1739 adpropinquare.

1598 1658 1776 1735 Quos
1811 1668 1872 1722 si
1895 1679 2078 1722 meus
2124 1660 2520 1737 consulatus,

222 1762 543 1843 quoniam
582 1768 811 1823 sanare
847 1769 980 1822 non
1015 1764 1255 1840 potest,
1295 1758 1650 1835 sustulerit,
1691 1769 1822 1822 non
1858 1759 2056 1822 breve
2092 1760 2307 1823 nescio
2344 1760 2524 1841 quod

222 1869 510 1942 tempuS,
553 1859 669 1922 sed
707 1858 917 1922 multa
953 1858 1209 1922 saecula
1244 1859 1622 1939 propagarit
1656 1868 1748 1920 rei
1782 1860 2099 1939 publicae.
2189 1860 2384 1923 Nulla
2420 1866 2522 1923 est

132 1983 193 2026 30
221 1961 398 2024 enim
431 1960 638 2035 natio,
668 1979 869 2039 quam
893 1958 1443 2038 pertimescamuS,
1475 1957 1689 2019 nullus
1714 1968 1845 2035 rex,
1875 1968 1989 2039 qui
2012 1959 2253 2022 bellum
2280 1959 2526 2041 populo

225 2062 534 2124 Romano
565 2060 774 2121 facere
799 2058 1027 2139 possit.

1117 2057 1353 2121 Omnia
1379 2063 1535 2120 sunt
1560 2064 1831 2121 externa
1857 2067 2049 2121 unius
2075 2059 2321 2124 virtute
2349 2066 2525 2123 terra

223 2171 525 2241 marique
588 2163 856 2241 pacata3
919 2157 1347 2223 domesticum
1407 2157 1650 2222 bellum
1711 2163 1953 2237 manet,
2017 2159 2195 2224 intus
2255 2160 2526 2224 insidiae

223 2268 402 2338 sunt,
468 2260 649 2323 intus
708 2259 1027 2322 inclusum
1083 2258 1440 2340 periculum
1493 2264 1612 2335 est,
1667 2258 1848 2322 intus
1897 2266 2000 2324 est
2056 2260 2279 2325 hostis.
2368 2263 2535 2325 Cum

223 2362 490 2424 luxuria
521 2361 728 2436 nobis,
766 2379 914 2422 cum
948 2359 1252 2434 amentia,
1289 2378 1436 2421 cum
1468 2358 1704 2420 scelere
1736 2359 2119 2422 certandum
2150 2367 2268 2425 est.

2359 2362 2532 2425 Huic

136 2484 194 2527 35
224 2481 345 2542 ego
403 2470 510 2523 me
564 2459 734 2523 bello
790 2458 1021 2520 ducem
1074 2458 1402 2540 profiteor,
1462 2457 1746 2534 Quirites
1754 2478 1770 2535 3
1826 2461 2106 2541 suscipio
2160 2461 2535 2526 inimicitias

225 2561 571 2624 hominum
651 2558 1083 2639 perditorum;
1163 2578 1331 2638 quae

300 2691 372 2731 15.
406 2695 519 2731 ros:
636 2685 815 2734 ‘casin’
875 2683 1157 2728 contrasted
1213 2684 1333 2727 with

230 2754 388 2805 fides,
417 2752 628 2802 ‘credit,’
650 2763 705 2795 as
723 2752 824 2795 iam
844 2752 1028 2804 pridem
1053 2750 1188 2802 ‘long
1207 2752 1333 2802 ago‚’

230 2820 354 2865 with
379 2830 549 2871 nuper.
582 2819 851 2871 ‘recently.’
911 2826 1114 2869 nuper:
1165 2829 1244 2860 see
1270 2827 1336 2859 on

232 2888 276 2932 1.
301 2889 350 2931 6.
381 2890 455 2931 15.
525 2886 618 2929 For
644 2885 771 2929 facts
797 2884 860 2928 cf.
892 2884 1088 2933 Sallust,
1120 2884 1226 2927 Cat.
1254 2884 1337 2927 16.

301 2956 374 3004 16.
403 2956 476 2997 17.
511 2954 574 2996 ln
595 2952 968 2996 abundantia:
1015 2951 1087 2994 ‘in
1108 2951 1193 2994 the
1213 2950 1338 3003 days

233 3021 288 3065 ot
332 3020 463 3064 their
509 3019 717 3072 plenty;'
763 3019 816 3062 in
860 3019 959 3062 this
1006 3029 1144 3061 sense
1189 3019 1338 3061 abun-

233 3088 403 3131 dantia
423 3087 467 3130 is
490 3086 683 3139 usually
704 3084 1052 3137 accompanled
1076 3085 1144 3138 by
1164 3095 1337 3129 rerum.

239 3152 471 3205 Quodsi:
529 3163 609 3196 see
637 3163 702 3195 on
732 3152 772 3196 Ι.
806 3153 884 3196 12.
916 3154 961 3196 θ.

304 3223 377 3264 18.
413 3219 647 3272 quidem
678 3219 1022 3272 desperandi.
1058 3222 1172 3263 etc.:
1237 3216 1341 3261 ‘be-

235 3288 370 3340 yond
418 3285 743 3338 redemption,
793 3285 816 3328 I
865 3286 1038 3337 admit,
1067 3285 1159 3330 but
1206 3285 1339 3334 still.’

235 3358 355 3403 etc.;
408 3364 439 3396 a
493 3352 619 3404 good
673 3354 895 3397 instance
948 3354 1000 3397 ot
1066 3353 1152 3397 the
1207 3353 1342 3395 ‘con-

235 3421 447 3465 cessive'
495 3431 582 3463 use
625 3421 680 3464 of
723 3421 925 3473 quidem.
1005 3421 1154 3482 What
1200 3421 1343 3465 other

236 3499 323 3532 use
353 3488 406 3531 in
442 3487 530 3539 57?

304 3557 477 3598 19-21.
512 3553 688 3598 Notice
738 3555 825 3599 the
875 3556 1080 3600 absence
1129 3557 1183 3599 of
1230 3567 1344 3599 con-

238 3621 460 3666 nectives
503 3623 727 3668 between
772 3623 858 3667 the
900 3625 1029 3676 pairs
1071 3623 1123 3666 of
1163 3624 1341 3668 words:

237 3689 338 3732 this
375 3689 418 3733 is
457 3690 615 3734 called
656 3691 950 3744 asyndeton.
1023 3691 1189 3735 mm:
1265 3701 1345 3734 see

238 3767 302 3801 on
325 3758 377 3800 2.
402 3760 479 3802 20.

300 3826 377 3869 23.
412 3824 602 3870 oblitis
661 3825 792 3867 from
820 3823 994 3873 oblim:
1021 3823 1130 3867 how
1160 3824 1276 3868 does
1303 3825 1343 3866 it

239 3890 379 3937 differ
404 3896 533 3938 from
563 3891 654 3936 the
683 3890 942 3943 participle
982 3891 1033 3934 of
1072 3891 1346 3935 obliviscor?

1410 2567 1627 2621 sanari
1702 2563 2037 2639 poterunt,

1498 2686 1572 2728 26.
1609 2685 1710 2728 aut
1733 2685 1960 2737 instare.
1989 2692 2102 2731 etc.:
2156 2689 2216 2731 ‘is
2240 2688 2395 2732 either
2419 2699 2529 2731 now

1410 2751 1652 2803 'actually
1677 2752 1896 2803 pressing
1916 2764 2052 2806 upon
2076 2754 2227 2806 them,
2253 2766 2309 2797 or
2331 2759 2384 2799 at
2408 2754 2534 2798 least

1434 2817 1638 2868 nearing
1662 2818 1823 2862 them'
1855 2821 1953 2870 (see
1976 2831 2044 2863 on
2067 2821 2109 2865 I.
2134 2823 2185 2867 2.
2209 2822 2286 2874 8);
2309 2821 2397 2866 the
2420 2821 2538 2865 sub-

1432 2885 1534 2935 ject
1561 2883 1603 2927 is
1630 2895 1846 2936 poenam.

1501 2952 1576 3001 28,
1617 2952 1693 2995 29.
1728 2952 2045 2998 sustulerit:
2117 2955 2245 2999 from
2280 2955 2402 3005 tollo,
2444 2953 2542 2998 ‘re-

1437 3016 1617 3067 move,'
1650 3017 1735 3060 ‘do
1764 3030 1906 3071 away
1932 3020 2088 3065 with!
2149 3022 2362 3074 Explain
2390 3020 2541 3064 mood

1437 3083 1539 3127 and
1572 3088 1723 3129 tense.
1790 3087 1977 3131 neseio
2009 3089 2183 3140 quod:
2245 3089 2355 3132 how
2386 3098 2541 3140 many

1439 3154 1578 3195 uses?
1646 3152 1736 3195 See
1772 3163 1837 3196 on
1875 3154 1917 3198 1.
1956 3155 2036 3198 18.
2074 3158 2118 3199 2.
2189 3155 2363 3199 Whlch
2398 3154 2544 3198 here?

1440 3220 1787 3271 propagarit:
1871 3221 1989 3265 ‘will
2027 3221 2156 3266 have
2195 3221 2390 3267 added.'
2460 3221 2544 3264 τοι

1440 3287 1720 3337 publicae:
1769 3288 1953 3333 dative.

1505 3357 1581 3400 31.
1617 3356 1812 3400 umus:
1865 3356 2099 3408 Pompey,
2125 3355 2237 3398 who
2261 3354 2361 3399 had
2386 3357 2542 3407 swept

1442 3422 1529 3466 the
1544 3434 1627 3467 sea
1642 3425 1694 3467 of
1709 3426 1893 3477 pirates
1908 3423 2007 3468 and
2024 3423 2299 3472 conquered
2319 3422 2405 3466 the
2418 3425 2544 3465 east.

1506 3493 1581 3540 34.
1620 3493 1697 3536 35.
1731 3492 1972 3545 luxuria.
2011 3491 2280 3542 amentia.
2319 3489 2547 3533 coelum

1442 3569 1521 3601 see
1548 3570 1613 3602 on
1640 3560 1849 3611 luxuria.
1879 3564 1929 3606 8.
1957 3564 2003 3606 5.
2063 3560 2197 3605 hmo
2224 3557 2392 3602 beno:
2448 3557 2548 3599 ‘tor

1442 3626 1543 3669 this
1568 3627 1703 3677 war,'
1730 3630 1922 3681 against
1950 3630 2036 3674 the
2061 3629 2193 3672 vices
2217 3628 2320 3678 just
2347 3621 2547 3668 named.

1447 3692 1710 3744 Quiritem
1766 3707 1846 3740 see
1873 3708 1939 3740 on
1969 3698 2017 3740 1.
2050 3699 2090 3741 l.

1507 3763 1581 3811 36,
1603 3763 1680 3807 37.
1716 3763 1998 3815 Metaphors
2012 3765 2139 3807 from
2154 3773 2370 3814 surgery.
2411 3765 2550 3810 (ΙΨ

1445 3836 1691 3880 cumque
1722 3830 1964 3874 ratione:
2029 3841 2095 3875 sc.
2130 3831 2297 3882 potero,
2337 3828 2426 3879 ‘by
2445 3834 2549 3877 an!

1445 3894 1657 3946 possible
1685 3896 1888 3941 means.'

2122 2571 2533 2642 quacumque

2498 281 2616 345 113
