2913 4338
931 287 1044 342 ΕΡ.
1089 291 1175 354 11,
1218 282 1252 364 g
1300 292 1357 353 7;
1405 291 1489 353 12,
1532 282 1608 364 gg
1659 291 1759 342 1-4
2476 288 2598 352 357

204 484 356 544 ceps
393 467 466 526 et
503 461 652 526 falsi
689 461 942 525 timoris
981 461 1191 527 socius
1231 461 1480 539 fuisseS,
1525 462 1931 529 acerbissime
1970 462 2309 529 discidium
2350 484 2498 529 nos-

204 571 379 627 trum
413 561 640 626 tulisse
669 562 1150 642 plurimumque
1179 582 1433 642 operae,
1468 562 1686 640 studii,
1721 563 2109 644 diligentiae,
2143 564 2381 628 laboris
2412 563 2498 628 ad

125 684 174 725 10
202 663 672 727 conficiendum
718 663 998 726 reditum
1046 681 1265 724 meum
1312 662 1684 727 contulisse:
1727 664 1950 744 itaque
1997 664 2118 729 hoc
2166 663 2289 727 tibi
2338 673 2488 728 vere
2523 667 2563 725 2

202 766 480 840 affirmo,
510 764 581 825 in
607 763 896 850 maxima
921 762 1175 826 laetitia
1199 769 1269 826 et
1295 762 1793 842 exoptatissima
1820 763 2257 844 gratulatione
2288 773 2495 827 smum

201 865 283 928 ad
330 864 798 928 cumulandum
841 862 1151 944 gaudium
1195 870 1615 942 conspectum
1660 869 1777 927 aut
1818 865 2039 946 potius
2083 864 2495 944 complexum

201 966 363 1026 mihi
394 970 588 1027 tuum
621 963 924 1040 defuisse;
955 981 1158 1043 quem·
1180 962 1377 1025 semel
1407 968 1641 1026 nactus
1671 984 2031 1044 numquam
2066 965 2368 1027 dimisero
2399 986 2495 1041 ac,

200 1066 323 1128 nisi
358 1065 561 1128 etiam
594 1063 1080 1146 praetermissos
1111 1063 1362 1126 fructus
1394 1069 1551 1126 tuae
1583 1065 1931 1128 suavitatis
1962 1065 2302 1147 praeteriti
2333 1070 2499 1127 tem-

120 1184 172 1225 15
199 1166 377 1247 poris
431 1174 656 1229 omnes
706 1173 994 1244 exegero,
1048 1163 1341 1244 profecto
1394 1163 1516 1227 hac
1570 1165 1982 1228 restitutione
2037 1165 2340 1229 fortunae
2392 1175 2498 1229 me

200 1268 340 1347 ipse
380 1275 518 1327 non
557 1264 717 1328 satis
756 1263 1023 1344 dignum
1065 1263 1385 1327 indicabo.
1477 1264 1610 1327 Nos
1653 1265 1886 1341 adhuc,
1932 1265 2001 1327 in
2041 1271 2265 1330 nostro
2307 1271 2488 1339 statu
2521 1269 2559 1329 3

201 1366 380 1447 quod
423 1364 791 1428 difficillime
829 1374 1189 1444 recuperari
1227 1385 1417 1445 posse
1458 1365 1758 1428 arbitrati
1797 1385 2041 1442 sumus,
2085 1365 2494 1446 splendorem

199 1473 502 1530 nostrum
529 1464 710 1526 illum
738 1465 1057 1528 forensem
1083 1471 1152 1526 et
1177 1465 1247 1526 in
1272 1471 1507 1528 senatu
1534 1466 1994 1529 auctoritatem
2023 1471 2093 1528 et
2120 1465 2297 1546 apud
2325 1466 2497 1528 viros

198 1569 411 1631 bonos
444 1564 720 1644 gratiam
753 1564 979 1643 magiS,
1012 1584 1212 1643 quam
1245 1571 1645 1645 optaramus,
1682 1572 2012 1630 consecuti
2044 1586 2270 1628 sumus
2281 1586 2296 1641 ;
2330 1564 2399 1626 in
2429 1575 2498 1629 re

114 1685 169 1726 20
200 1673 428 1731 autem
464 1665 781 1740 familiari,
818 1684 986 1744 quae
1014 1663 1568 1743 quemadmodum
1601 1665 1829 1741 fracta,
1867 1665 2202 1746 dissipata,
2243 1665 2498 1747 direpta

198 1768 306 1842 sit,
344 1774 479 1827 non
511 1765 785 1844 ignoras,
823 1763 1015 1827 valde
1046 1764 1418 1827 laboramus
1451 1770 1845 1845 tuarumque
1879 1776 2013 1828 non
2045 1772 2183 1829 tam
2222 1766 2496 1829 faculta-

198 1874 369 1943 tum,
411 1874 575 1945 quas
611 1885 729 1945 ego
767 1870 1025 1929 nostras
1061 1884 1199 1927 esse
1235 1864 1470 1941 iudico,
1510 1885 1709 1944 quam
1749 1865 2162 1929 consiliorum
2201 1865 2285 1929 ad
2325 1865 2497 1930 colli-

196 1966 446 2048 gendas
493 1970 564 2028 et
610 1964 1100 2028 constituendas
1146 1964 1449 2045 reliquias
1497 1972 1756 2029 nostras
1802 1965 2183 2046 indigemus.
2274 1966 2483 2042 Nunc,
2519 1970 2559 2028 4

195 2075 325 2131 etsi
359 2065 580 2131 omnia
611 2070 729 2129 aut
761 2071 1005 2146 scripta
1036 2085 1174 2128 esse
1206 2075 1246 2129 a
1277 2071 1411 2128 tuis
1443 2065 1722 2130 arbitror
1754 2072 1872 2129 aut
1902 2067 2102 2129 etiam
2136 2066 2385 2129 nuntiis
2419 2086 2493 2129 ac

109 2187 164 2229 25
194 2178 458 2233 rumore
491 2166 764 2249 perlata,
802 2172 1028 2229 tamen
1061 2187 1139 2229 ea
1173 2167 1451 2230 scribam
1487 2167 1689 2244 brevi,
1728 2188 1897 2247 quae
1933 2172 2001 2230 te
2034 2174 2201 2248 puto
2236 2166 2496 2248 potissi-

195 2290 381 2331 mum
437 2289 521 2331 ex
573 2277 734 2330 meis
785 2267 1023 2330 litteris
1075 2266 1239 2331 velle
1293 2277 1690 2347 cognoscere.
1779 2268 1882 2329 Pr.
1942 2268 2166 2330 Nonas
2221 2267 2497 2331 Sextiles

198 2368 609 2448 Dyrrhachio
634 2388 779 2430 sum
803 2368 1153 2449 profectus,
1179 2367 1322 2448 ipso
1346 2366 1456 2429 illo
1481 2366 1586 2431 die
1610 2378 1741 2448 quo
1765 2367 1870 2431 lex
1893 2373 1994 2430 est
2017 2368 2155 2432 lata
2181 2367 2261 2431 de
2286 2368 2491 2430 nobis.

196 2468 622 2531 Brundisium
666 2476 816 2531 veni
859 2468 1063 2530 Nonis
1104 2467 1483 2531 Sextilibus:
1526 2467 1616 2531 ibi
1658 2467 1819 2530 mihi
1859 2468 2137 2533 Tulliola
2180 2464 2325 2531 mea
2370 2467 2498 2531 fuit

194 2575 461 2650 praesto
495 2568 701 2631 natali
732 2577 850 2630 suo
880 2567 1025 2648 ipso
1056 2566 1177 2643 die,
1213 2576 1326 2647 qui
1356 2577 1512 2630 casu
1541 2568 1714 2630 idem
1745 2568 1983 2632 natalis
2014 2574 2157 2632 erat
2187 2575 2255 2632 et
2289 2569 2497 2630 Brun-

106 2689 163 2730 30
194 2669 447 2731 disinae
485 2668 772 2732 coloniae
806 2674 874 2731 et
910 2674 1065 2730 tuae
1101 2676 1353 2731 vicinae
1389 2669 1631 2732 Salutis
1640 2689 1656 2746 ;
1701 2689 1870 2749 quae
1905 2679 2005 2733 res
2041 2668 2495 2732 animadversa

507 2859 520 2872 .
566 2859 580 2873 .
621 2829 847 2873 turone:
924 2828 1066 2871 when
1105 2828 1168 2872 he
1204 2828 1300 2872 lost

194 2832 456 2940 ffinlilezd
487 2896 587 2939 and
632 2895 817 2938 dashed
859 2896 928 2938 oii
969 2896 1158 2947 blindly
1197 2897 1304 2938 into

1392 2840 1500 2879 gen.
1527 2830 1589 2872 ct.
1617 2830 1709 2881 Ep.
1736 2831 1786 2872 4.
1816 2832 1888 2879 10,
1920 2832 1993 2872 11.
2055 2838 2145 2872 me
2172 2830 2315 2880 ipse:
2364 2839 2497 2872 com·

1391 2899 1528 2939 ment
1559 2907 1694 2948 upon
1729 2895 1854 2939 their
1885 2896 2115 2948 position.
2183 2896 2277 2939 For
2306 2906 2415 2939 case
2443 2895 2498 2939 ot

193 2964 339 3007 exile.
408 2963 490 3007 et:
561 2966 794 3005 connects
830 2962 1066 3013 particeps
1099 2962 1198 3005 and
1232 2973 1305 3006 so·

194 3031 319 3074 cius.
380 3038 473 3073 me
497 3030 715 3080 ipsum:
767 3040 846 3072 see
872 3040 937 3071 on
964 3029 1058 3080 Ep.
1085 3030 1136 3071 2.
1164 3031 1240 3072 22.

266 3098 434 3140 11-17.
468 3094 877 3147 mansamuz
972 3095 1304 3146 ‘exultation,’

195 3163 377 3206 almost
413 3163 501 3206 the
534 3173 672 3205 same
711 3162 853 3213 thing
885 3173 942 3204 as
976 3162 1172 3213 laetitia,
1208 3162 1302 3212 i.e.‚

194 3230 284 3273 the
323 3229 501 3280 feeling
538 3229 590 3272 oi
632 3230 798 3273 Cicero
841 3228 1048 3279 himself,
1092 3233 1180 3272 not
1220 3228 1306 3272 the

194 3296 479 3348 expression
507 3296 559 3338 oi
590 3296 718 3339 their
753 3296 952 3348 feelings
983 3295 1172 3339 toward
1203 3296 1305 3338 him

196 3363 266 3415 by
295 3363 479 3406 others·
542 3372 754 3407 unum:
820 3363 1170 3416 ‘onir—with
1199 3375 1307 3407 con-

194 3430 422 3480 spadum.
497 3431 892 3481 compactum:
979 3431 1124 3483 'your
1165 3431 1305 3480 face.’

199 3496 348 3548 ‘your
384 3496 601 3549 (joyous)
632 3498 795 3541 looks’
833 3499 915 3547 (ci.
948 3500 1176 3549 aenedas,
1220 3498 1307 3541 1v.

198 3565 248 3606 ⁸.
279 3559 382 3621 14).
418 3572 615 3615 quem:
671 3566 831 3609 where
852 3567 893 3609 is
908 3566 973 3608 its
986 3565 1307 3609 antecedent?

197 3629 496 3675 ct.1.8.1‚8.
559 3632 730 3677 semel
777 3632 1127 3678 nactus-ubi
1171 3633 1308 3676 semel

196 3697 368 3741 nactus
402 3709 503 3749 ero,-
556 3700 793 3753 principal
832 3705 970 3753 parts
1012 3700 1065 3743 oi
1113 3700 1308 3742 nactus?

199 3771 526 3818 numquam
540 3766 826 3811 dimiteret
857 3767 943 3811 the
962 3764 1308 3817 exaggeration

198 3839 253 3873 so
275 3843 506 3876 common
521 3834 574 3877 in
593 3834 843 3886 everyday
862 3832 1052 3886 speech.
1127 3833 1310 3877 nuvi-

199 3899 335 3945 tm:
376 3930 390 3943 .
431 3930 445 3943 .
485 3929 499 3944 .
538 3901 829 3953 temporis:
897 3901 973 3943 for
1007 3900 1093 3944 the
1128 3900 1309 3943 double

1391 2962 1496 3013 ipse
1525 2973 1604 3005 see
1634 2974 1699 3005 on
1729 2962 1771 3005 I.
1803 2964 1852 3004 8.
1884 2965 1927 3006 2.
1993 2962 2169 3013 quod:
2228 2964 2376 3006 refers
2403 2965 2493 3006 not

1393 3033 1446 3071 to
1467 3029 1761 3080 splendorem
1781 3029 1871 3071 but
1895 3032 1949 3071 to
1969 3029 2056 3072 the
2076 3028 2314 3082 principal
2333 3029 2496 3072 clause

1393 3106 1447 3138 as
1478 3106 1510 3138 a
1539 3095 1712 3139 whole.

1456 3164 1531 3211 21,
1554 3165 1628 3205 22.
1663 3161 2034 3207 facultatum}
2072 3162 2298 3213 ‘meansss
2319 3162 2497 3206 ‘finan-

1393 3229 1485 3272 cial
1508 3229 1789 3277 resourcesz’
1814 3230 1889 3271 for
1912 3240 2022 3272 ease
2044 3240 2123 3272 see
2145 3231 2205 3272 A.
2227 3231 2334 3280 356,
2357 3232 2497 3278 note:

1395 3296 1452 3340 B.
1499 3299 1604 3346 212,
1650 3307 1702 3345 a:
1745 3296 1810 3339 Η.
1857 3297 1962 3346 458,
2008 3298 2059 3345 2;
2105 3295 2255 3341 H.-B.
2296 3297 2404 3346 347,
2446 3306 2497 3339 a.

1395 3364 1459 3406 So
1484 3363 1805 3407 consiliorum.

1458 3433 1532 3480 24.
1590 3433 1666 3475 25.
1699 3430 1839 3474 tuln:
1950 3429 2214 3473 ‘members
2266 3429 2319 3472 of
2370 3438 2497 3480 your

1395 3497 1697 3542 household!
1764 3496 2151 3548 potissimum:
2221 3496 2400 3539 'above
2430 3493 2498 3538 all

1394 3565 1593 3609 others!

1459 3634 1629 3676 27-30.
1664 3640 1796 3676 num
1811 3631 2095 3683 protectus
2120 3659 2134 3674 .
2158 3660 2172 3674 .
2194 3660 2208 3674 .
2226 3630 2295 3673 de
2310 3628 2496 3673 nomn

1396 3699 1471 3742 ior
1498 3698 1705 3742 number
1733 3699 1786 3741 ot
1814 3699 1932 3742 verb
1964 3698 2063 3741 and
2094 3697 2146 3740 oi
2177 3706 2399 3750 pronoun
2428 3694 2494 3737 cr.

1395 3766 1427 3809 l.
1462 3767 1508 3809 3.
1572 3764 1739 3809 mim:
1802 3764 1905 3809 dat.
1939 3765 1991 3808 oi
2024 3765 2265 3808 reference
2305 3765 2403 3812 (see
2433 3763 2494 3804 A.

1395 3835 1502 3882 370.
1527 3842 1575 3881 ος
1599 3832 1658 3876 Β.
1686 3832 1789 3881 188.
1818 3834 1859 3881 1.
1884 3835 2021 3880 note:
2046 3831 2111 3874 H.
2138 3833 2243 3880 425,
2272 3833 2321 3878 4:
2345 3828 2492 3872 Η.-Β.

1395 3901 1502 3948 362.
1538 3899 1658 3950 ΙΙΙ).
1722 3898 1901 3943 natan
1935 3898 2047 3942 dle:
2110 3898 2196 3940 she
2227 3907 2326 3940 was
2358 3897 2496 3939 nine-
