2913 4338
260 265 381 327 282
872 269 954 323 ΙΝ
1008 266 1064 320 C.
1130 265 1446 319 VERREM
1502 264 1723 318 ACTIO
1784 264 2126 318 SECUNDA

259 458 322 501 30
354 446 395 503 ὃ,
445 450 710 520 corpore
761 438 1182 516 deiecturum,
1237 437 1698 502 arbitrabatur.
1788 437 1855 500 Is
1904 446 2039 500 ιιόιι
2089 436 2284 500 modo
2336 436 2461 501 hoo
2514 446 2654 500 non

353 540 643 619 perfecit,
690 545 768 602 ut
813 540 1141 619 virgarum
1186 537 1322 602 vim
1368 538 1821 619 deprecaretur
1829 556 1847 614 ;
1891 536 2025 613 sed,
2073 556 2222 601 eum
2266 535 2655 616 imploraret

352 639 629 721 saepius,
691 644 1164 720 usurparetque
1220 648 1462 703 nomen
1521 636 1827 712 civitatis,
1889 655 2311 712 crux—crux,
2374 635 2655 716 inquam

353 739 675 803 —infelici
729 744 798 802 et
855 748 1258 815 aerumnoso,
1317 747 1433 819 qui
1487 756 1848 818 numquam
1904 735 2100 799 istam
2157 742 2409 818 pestem
2470 735 2656 798 vide-

353 844 478 916 rat,
512 840 1034 921 comparabatur.

435 939 538 1004 63.
586 929 643 1001 Ο
712 949 951 1002 nomen
1022 938 1208 1001 dulce
1276 937 1622 1003 libertatis!
1711 927 1767 998 Ο
1836 935 1937 999 ius
2005 935 2315 999 eximium
2387 942 2661 1000 nostrae
2685 937 2750 992 163

356 1037 668 1103 civitatis!
757 1029 814 1101 Ο
874 1039 981 1102 lex
1042 1037 1289 1115 Porcia,
1353 1038 1652 1117 legesque
1714 1035 2155 1118 Semproniae!
2243 1025 2300 1097 Ο
2360 1035 2661 1116 graviter

355 1138 741 1215 desiderata,
801 1143 872 1203 et
928 1137 1280 1219 aliquando
1335 1136 1595 1200 reddita
1648 1136 1825 1218 plebi
1881 1136 2238 1212 Romanae,
2298 1135 2660 1199 tribunicia

353 1243 673 1320 potestas!
789 1237 1044 1302 Hucine
1148 1237 1416 1301 tandem
1522 1234 1741 1302 omnia
1841 1235 2228 1312 reciderunt,
2305 1240 2386 1298 ut
2494 1235 2660 1298 civis

290 1357 324 1400 5
356 1337 759 1415 RomanuS,
744 1358 813 1399 m
836 1337 1174 1420 provincia
1197 1337 1423 1420 populi
1449 1338 1751 1414 Romani,
1780 1335 1849 1397 in
1874 1335 2117 1418 oppido
2142 1335 2655 1412 foederatorum,

356 1439 440 1502 ab
484 1446 562 1500 eb
604 1447 719 1519 qui
759 1437 1073 1501 beneficio
1125 1437 1352 1519 populi
1402 1438 1687 1499 Romani
1729 1436 1921 1498 fascis
1960 1441 2030 1498 et
2072 1445 2311 1498 securis
2353 1435 2654 1511 haberet,

356 1537 676 1617 deligatus
713 1538 781 1599 in
816 1538 959 1602 foro
995 1536 1190 1617 virgis
1227 1537 1640 1600 caederetur?
1724 1535 1934 1613 Quid?
2018 1555 2167 1598 cum
2203 1543 2383 1615 ignes
2420 1535 2659 1598 arden-

356 1643 586 1717 tesque
627 1637 907 1701 laminae
950 1642 1274 1717 ceterique
1317 1635 1642 1700 cruciatus
1685 1635 2227 1711 admovebantur,
2272 1643 2328 1698 si
2369 1640 2440 1699 te
2483 1635 2658 1698 illius

357 1737 591 1801 acerba
626 1737 999 1819 imploratio
1033 1743 1102 1801 et
1139 1746 1270 1799 vox
1305 1735 1688 1799 miserabilis
1720 1745 1854 1797 ιιὸιι
1889 1734 2248 1811 inhibebat,
2286 1744 2370 1799 ιιέ
2406 1735 2656 1799 civium

264 1854 324 1897 ιο
355 1836 619 1917 quidem
652 1838 1117 1914 Romanorum,
1149 1845 1264 1918 qui
1293 1842 1437 1899 tum
1470 1835 1761 1910 aderant,
1795 1835 1955 1898 fletu
1981 1840 2050 1898 et
2078 1835 2328 1915 gemitu
2359 1836 2658 1917 maximo

356 1938 886 2003 commovebare?
970 1936 1053 1999 In
1091 1956 1345 2000 crucem
1387 1941 1466 1999 tii
1506 1955 1691 2014 agere
1733 1954 1929 1997 ausus
1968 1954 2036 1997 es
2076 1954 2503 2016 quemquam,
2539 1944 2656 2016 qui

354 2044 423 2099 se
452 2044 658 2099 civem
689 2037 1061 2100 Romanum
1090 2056 1228 2100 esse
1257 2037 1536 2099 diceret?
1621 2036 1816 2098 Nolui
1843 2040 1984 2098 tam
2012 2036 2435 2099 vehementer
2465 2055 2657 2115 agere

356 2136 475 2200 hoc
523 2146 736 2217 prima
783 2137 1057 2214 actione,
1106 2136 1376 2201 iudices:
1449 2136 1645 2199 nolui.
1759 2135 2029 2200 Vidistis
2075 2135 2269 2213 enim,
2318 2141 2399 2200 ut
2450 2135 2661 2200 animi

356 2236 793 2300 multitudinis
822 2236 893 2300 in
919 2237 1123 2301 istum
1152 2238 1370 2301 dolore
1399 2243 1469 2301 et
1498 2237 1648 2301 odio
1677 2242 1745 2299 et
1775 2235 2138 2300 communis
2166 2236 2436 2318 periculi
2468 2242 2658 2301 metu

263 2354 322 2397 15
355 2336 849 2400 concitarentur.
942 2339 1162 2402 Statui'
1187 2343 1445 2419 egomet
1474 2335 1632 2399 mihi
1660 2342 1804 2399 tum
1834 2337 2102 2401 modum
2133 2337 2413 2400 orationi
2441 2356 2656 2413 meae,

353 2441 422 2497 et
475 2437 541 2498 C.
600 2437 990 2515 Numitorio,
1043 2438 1251 2518 equiti
1303 2439 1623 2513 Romans),
1678 2446 1889 2519 primo
1943 2436 2209 2513 homini,
2264 2442 2421 2500 testi
2475 2446 2659 2515 me6;

354 2540 422 2597 et
452 2535 886 2615 Glabrionem,
917 2536 986 2600 id
1013 2537 1192 2618 quod
1219 2537 1692 2618 sapientissime
1721 2537 1895 2614 fecit,
1927 2538 2135 2600 facere
2163 2536 2451 2600 laetatus
2478 2556 2658 2613 sum,

355 2640 432 2696 ut
468 2642 732 2715 repente
769 2637 1105 2700 consilium
1141 2637 1210 2699 in
1246 2637 1460 2700 medio
1497 2636 1873 2700 testimonio
1910 2636 2290 2699 dimitteret.
2382 2638 2660 2700 Etenim

420 2864 495 2905 31.
530 2863 649 2906 ιιι.
744 2861 1206 2914 ,domoon-etur·
1273 2874 1450 2915 appos-
1538 2862 1608 2905 tul
1689 2861 2024 2914 punishment.
2120 2862 2566 2913 huoino=hucoe>
2587 2867 2642 2915 -ι-

354 2928 477 2972 itive
502 2933 554 2971 to
579 2929 676 2972 hoc.
1536 2931 1692 2972 -ne—‘
1702 2929 1830 2973 have
1861 2929 1926 2973 all
1964 2940 2056 2973 our
2079 2931 2354 2983 protective
2392 2942 2659 2975 measurae

418 2999 493 3040 33
527 2996 737 3041 insonui
795 2997 853 3040 οι
908 3004 1269 3042 aerumnoso:
1382 3008 1449 3041 se.
1538 2996 1753 3039 resulted
1794 2997 1848 3040 in
1892 2996 1992 3040 this
2042 2996 2152 3048 uit..
2202 2998 2376 3041 ‘fallen
2417 2997 2550 3042 back
2599 3003 2659 3043 to

354 3062 538 3106 homini
581 3064 662 3113 (cf.
704 3064 867 3107 Hood'
868 3075 892 3107 s
929 3064 1120 3116 phrase,
1162 3063 1280 3107 ‘one
1316 3075 1451 3106 more
1540 3064 1702 3114 this’),
1733 3063 1845 3107 that
1874 3075 1905 3107 a
1930 3063 2140 3114 citizen,’
2167 3068 2264 3108 ete.

356 3131 707 3180 unfortunatess
744 3131 953 3174 w1thout
980 3131 1065 3174 the
1092 3132 1266 3181 noun).
1336 3140 1452 3181 pos-
1603 3131 1650 3174 8.
1685 3131 1767 3175 to:
1821 3131 1992 3174 Verres
2016 3131 2059 3174 is
2084 3131 2487 3184 apostrophized:
2510 3143 2574 3176 so
2600 3134 2659 3178 in

355 3197 498 3240 tom.
548 3196 633 3241 the
657 3208 803 3241 eross.
1539 3198 1605 3247 tu.
1632 3189 1667 3241 λ’.
1698 3199 1770 3246 11,
1798 3197 1898 3241 and
1923 3198 2209 3251 repeatedly
2232 3198 2516 3244 thereatter.

1605 3265 1650 3307 9.
1684 3265 1923 3309 oiviumt
2002 3275 2186 3317 among
2224 3265 2312 3311 the
2352 3270 2658 3319 spectatore.

423 3330 517 3372 The
531 3329 693 3373 horror
705 3329 1138 3381 ortheactzproors.
1161 3329 1323 3381 55163,
1346 3332 1450 3373 164.
1541 3329 1677 3382 They
1713 3330 1877 3374 would
1911 3332 2164 3384 naturally
2197 3333 2260 3377 be
2293 3333 2509 3378 shocked
2545 3337 2659 3380 and

419 3393 508 3445 63.
529 3399 651 3446 .1-4.
699 3405 925 3449 nomon,
971 3398 1080 3440 ius:
1158 3399 1296 3439 case?
1374 3397 1450 3441 Cf.
1539 3397 1768 3441 horrified
1814 3401 1867 3441 at
1914 3398 2014 3442 this
2059 3403 2279 3444 extreme
2322 3401 2551 3445 instance
2602 3404 2662 3447 ot

354 3463 440 3512 lex.
479 3464 608 3515 leves,
649 3464 865 3515 pote-stas.
933 3463 1021 3507 lex
1057 3463 1263 3515 Porcia,
1301 3463 1451 3515 locon
1540 3464 1731 3516 erueity
1761 3465 1861 3509 and
1892 3465 2110 3510 defiance
2138 3467 2193 3510 of
2218 3466 2327 3512 law.

357 3530 733 3582 semproniae:
796 3541 875 3574 see
905 3542 970 3573 on
1002 3531 1043 3574 Ι.
1077 3530 1158 3574 11.
1192 3532 1266 3574 14.
1331 3538 1452 3582 gra-
1607 3533 1775 3575 13-15.
1812 3532 1880 3575 ιιι
1916 3561 1930 3576 .
1967 3562 1982 3577 .
2018 3562 2033 3576 .
2066 3535 2511 3581 concitarentur:
2577 3537 2662 3581 in-

355 3597 499 3641 vitor
529 3596 863 3641 decideram:
923 3608 1001 3639 see
1032 3596 1167 3640 Verr.
1200 3597 1279 3640 15.
1311 3598 1450 3641 7-26.
1542 3598 1697 3640 direct
1728 3599 1972 3648 question.
2031 3601 2210 3646 ntatul
2243 3631 2257 3646 .
2290 3631 2303 3645 .
2336 3631 2351 3647 .
2382 3602 2660 3650 modum:

355 3663 658 3714 anquando
681 3663 924 3708 reddita:
971 3663 1025 3706 in
1048 3662 1148 3706 this
1171 3674 1293 3716 very
1317 3674 1449 3716 year.
1540 3664 1635 3706 'set
1661 3675 1692 3707 a
1714 3664 1877 3716 limit.’
1901 3666 1995 3717 Le„
2024 3666 2109 3711 did
2135 3672 2223 3711 not
2250 3673 2382 3713 state
2408 3671 2510 3715 this
2534 3683 2660 3718 caso

355 3731 660 3775 tribunicia
712 3731 983 3783 potestas:
1084 3729 1313 3782 whereby
1366 3730 1451 3774 the
1539 3731 1663 3782 fully
1689 3732 1866 3783 myself
1890 3744 1982 3776 nor
2004 3733 2072 3778 let
2104 3734 2411 3780 Numitorius
2435 3738 2503 3781 do
2524 3750 2603 3784 so.

354 3798 575 3842 tribunes
597 3799 650 3840 ot
673 3797 759 3841 the
784 3796 958 3850 people
979 3806 1105 3840 were
1128 3797 1371 3849 supposed
1397 3800 1450 3840 to
1605 3798 1677 3841 18.
1712 3799 1780 3842 ιιι
1815 3828 1830 3843 .
1865 3828 1880 3843 .
1916 3829 1931 3844 .
1964 3801 2303 3847 dimitteret:
2363 3807 2659 3858 appositive

355 3863 419 3909 be
445 3864 554 3907 able
583 3868 635 3907 to
664 3868 854 3917 protect
884 3863 1085 3907 citizens
1112 3864 1239 3907 from
1268 3863 1449 3907 unlaw-
1490 3861 1499 3911 Ι
1540 3868 1594 3907 ιο
1616 3865 1684 3910 id.
