2913 4338
853 336 859 345 ,
979 268 1134 322 CAP.
1186 272 1268 334 12,
1321 262 1396 343 §g
1452 270 1628 323 34-38
2421 269 2538 331 321

146 440 248 505 ille
295 442 435 505 dies
479 442 603 506 tibi
645 442 1155 522 gloriosissimus,
1201 442 1446 525 populo
1494 443 1795 508 Romano
1838 443 2245 523 gratissimus
2291 444 2437 520 fuit,

69 559 120 602 30
145 542 296 618 noli,
342 543 629 618 obsecro,
674 542 993 619 dubitare,
1038 544 1105 606 C.
1151 545 1404 620 Caesar,
1448 543 1724 606 similem
1767 542 1858 605 illi
1897 543 2137 623 gloriae
2178 542 2440 606 laudem

145 661 346 721 quam
411 641 783 722 saepissime
845 662 1168 723 quaerere.
1258 643 1435 705 Nihil
1497 648 1597 706 est
1660 648 1800 706 tam
1864 644 2177 723 populare
2239 663 2439 723 quam

145 741 428 818 bonitas,
468 741 647 804 nulla
683 741 765 806 de
801 741 1157 805 virtutibus
1192 748 1325 805 tuis
1358 742 1655 823 plurimis
1691 763 1807 806 nec
1847 742 2287 806 admirabilior
2325 763 2441 807 nec

144 841 393 920 gratior
453 841 891 905 misericordia
949 848 1068 905 est.
1157 842 1474 906 Homines
1534 843 1707 906 enim
1771 842 1857 905 ad
1919 842 2074 905 deos
2136 842 2315 905 ni'illa
2380 853 2448 907 re
2463 847 2543 908 38

143 940 416 1021 propius
485 941 806 1006 accedunt
875 962 1075 1023 quam
1145 942 1423 1006 saltitem
1495 942 1868 1006 hominibus
1939 941 2175 1005 dando.
2271 942 2447 1005 Nihil

68 1057 118 1101 ³5
145 1041 349 1105 habet
374 1060 490 1104 nec
516 1041 783 1105 fortuna
805 1048 925 1105 tua
948 1042 1177 1129 maius,
1205 1063 1405 1125 quam
1430 1049 1508 1106 ut
1530 1051 1757 1124 possm,
1786 1062 1903 1105 neo
1929 1049 2168 1106 natura
2194 1042 2444 1119 meliuS‚

144 1161 349 1221 quam
387 1147 465 1204 ut
503 1141 664 1205 velis
701 1151 958 1206 servare
995 1162 1194 1224 quam
1232 1143 1564 1224 plurimos.
1655 1143 2038 1223 Longiorem
2082 1143 2444 1206 orationem

147 1260 347 1304 causa
392 1241 668 1305 forsitan
710 1242 1019 1322 postulet,
1068 1248 1187 1306 tua
1232 1250 1406 1307 certe
1449 1250 1689 1306 natura
1731 1243 2116 1306 breviorem.
2207 1242 2442 1321 Quare,

146 1361 297 1403 cum
344 1341 571 1404 utilius
613 1361 751 1405 esse
796 1342 1069 1406 arbitrer
1113 1349 1181 1407 te
1225 1343 1437 1423 ipsum
1485 1363 1685 1423 quam
1732 1352 1836 1407 me
1882 1349 2001 1406 aut
2044 1363 2445 1423 quemquam

144 1439 326 1521 loqui
372 1446 610 1518 tecum,
659 1442 857 1505 finem
903 1441 1034 1505 iam
1081 1442 1344 1520 faciam;
1391 1448 1657 1505 tantum
1704 1448 1773 1507 te
1818 1444 2203 1519 admonebo,
2254 1452 2308 1505 si
2354 1442 2446 1505 illi

68 1556 119 1599 ιο
147 1541 402 1603 absenti
446 1541 723 1604 salutem
769 1541 1038 1618 dederis,
1083 1542 1533 1622 praesentibus
1590 1543 1690 1605 his
1746 1543 2050 1607 omnibus
2108 1544 2437 1606 daturum.

149 1714 331 1759 known
364 1727 418 1759 as
449 1729 480 1760 a
517 1715 697 1760 ‘friend
729 1719 782 1761 of
813 1718 900 1762 the
932 1718 1127 1771 people’
1167 1719 1250 1768 (cf.
1399 1721 1477 1764 37.
1512 1728 1705 1765 muna:
1753 1719 1861 1764 ‘the
1883 1719 2115 1772 pleading
2135 1721 2188 1763 ot
2210 1731 2240 1763 a
2263 1718 2446 1769 causeJ

151 1782 238 1827 1v.
268 1785 317 1827 δ.
346 1786 389 1833 2,
418 1786 462 1833 3,
496 1786 687 1834 10-12).
1335 1786 1496 1829 which
1518 1788 1682 1830 Cicero
1702 1787 1961 1840 distinctly
1981 1787 2230 1830 disclaims
2255 1787 2350 1837 (1⁰.
2375 1787 2446 1837 7).

213 1852 291 1893 31.
327 1849 617 1901 populato:
677 1850 817 1894 ‘deor
845 1855 899 1895 to
929 1851 1015 1895 the
1043 1852 1250 1904 people)
1400 1854 1477 1896 38.
1512 1853 1570 1898 te
1593 1853 1808 1905 imum:
1857 1865 1887 1897 a
1912 1854 2107 1904 subject
2134 1854 2187 1896 ot
2211 1854 2356 1904 loqui.

213 1918 291 1959 32.
326 1914 508 1960 nunu
551 1916 662 1959 how
683 1917 958 1968 governed?
1400 1921 1478 1962 39.
1513 1920 1773 1995 tantiam:
1819 1919 1993 1973 ‘onlyss
