2913 4338
240 231 362 295 210
985 234 1087 290 DE
1147 236 1467 292 IMPERIO
1523 237 1638 295 CN.
1697 238 1979 294 POMPEI

337 432 485 474 cum
521 410 575 474 is
611 411 692 475 de
724 420 857 474 sino
884 410 1271 493 imperatore
1298 418 1529 476 contra
1554 414 1912 495 praedones
1940 416 2395 480 constituendo
2421 418 2635 497 legem

334 513 825 593 promulgasset,
872 519 941 575 et
983 533 1066 575 ex
1107 514 1228 576 hoc
1273 513 1413 595 ipso
1456 514 1599 579 loco
1641 514 1970 595 permulta
2011 516 2169 578 item
2214 522 2443 581 contra
2484 537 2637 580 eam

334 613 540 692 legem
573 615 774 676 verba
813 613 1038 676 fecisti.
1129 613 1338 689 Quid?
1374 618 1540 688 tum,
1580 634 1696 694 per
1734 614 1887 676 deos
1924 613 2346 679 immortales!
2384 625 2442 678 si
2476 617 2631 696 plns
2652 619 2741 680 53

336 714 514 795 apud
557 714 873 795 populum
921 715 1294 776 Romanum
1343 713 1702 776 auctoritas
1747 718 1866 775 tua
1912 734 2112 794 quam
2159 715 2359 796 ipsius
2403 717 2636 798 populi

238 831 301 873 30
336 817 619 878 Romani
646 813 819 876 salsis
846 819 915 877 et
942 824 1097 876 vera
1125 833 1325 876 causa
1352 812 1682 888 valuisset,
1714 812 1906 877 hodie
1934 814 2102 876 hanc
2130 814 2399 893 gloriam
2430 823 2638 896 atque
2735 805 2746 812 ’

333 914 454 977 hoc
483 914 658 979 orbis
687 919 895 977 terrae
925 912 1267 1000 imperium
1298 916 1702 975 teneremus?
1787 913 1890 975 An
1939 912 2063 976 tibi
2112 919 2256 976 tum
2286 915 2636 994 imperium

334 1121 636 1193 toresque
670 1113 1113 1194 capiebantur,
1145 1131 1292 1174 cum
1326 1132 1410 1174 ex
1441 1112 1744 1176 omnibus
1775 1113 2125 1193 provinciis
2158 1123 2531 1178 commeatu
2563 1123 2635 1180 et

333 1219 595 1295 privato
637 1218 705 1275 et
747 1212 1007 1293 publico
1049 1211 1574 1292 prohibebamur,
1622 1232 1771 1274 cum
1812 1211 1907 1275 ita
1952 1213 2169 1276 clausa
2212 1217 2399 1278 nobis
2441 1223 2634 1279 erant

237 1329 298 1372 35
333 1312 538 1375 maria
590 1311 830 1388 omnia,
887 1316 966 1374 ut
1017 1330 1229 1391 neque
1280 1316 1613 1393 privatam
1668 1332 1804 1373 rem
1860 1318 2362 1377 transmarinam
2419 1335 2634 1396 neque

331 1412 660 1494 publicam
690 1412 821 1474 iam
851 1413 1029 1476 obire
1057 1415 1432 1493 possemus?

413 1512 517 1576 18.
564 1512 745 1588 Quae
799 1512 1031 1574 civitas
1084 1518 1281 1575 antea
1331 1531 1649 1591 umquam
1705 1512 2048 1575 fuit—non
2090 1513 2237 1577 dico
2273 1515 2631 1578 Athenien-
2650 1519 2740 1582 54

330 1611 520 1688 sium,
580 1630 748 1694 quae
804 1612 964 1675 satis
1019 1612 1152 1676 late
1208 1611 1543 1694 quondam
1602 1631 1779 1674 mare
1835 1613 2119 1675 tenuisse
2179 1613 2434 1691 dicitur,
2497 1626 2632 1678 non

328 1710 974 1791 Carthaginiensium,
1030 1721 1147 1794 qui
1198 1712 1600 1792 permultum
1654 1711 1854 1774 classe
1908 1732 1982 1776 ac
2037 1713 2384 1776 maritimis
2436 1717 2635 1779 rebus

329 1813 694 1891 valuerunt,
733 1823 865 1875 non
903 1811 1327 1887 Rhodiorum,
1366 1820 1646 1891 quorum
1682 1819 1888 1892 sisque
1926 1811 2011 1874 ad
2045 1819 2343 1876 nostram
2381 1834 2633 1880 memo-

263 1930 294 1972 s
327 1911 491 1975 riam
515 1912 857 1993 disciplina
877 1911 1128 1975 navalis
1151 1917 1219 1974 et
1240 1910 1442 1991 gloria
1466 1910 2032 1991 remansit—quae
2056 1912 2307 1988 civitae,
2333 1914 2630 1994 inquam,

328 2018 527 2076 antea
556 2019 696 2076 tam
728 2012 962 2087 tenuis,
998 2031 1166 2092 quae
1197 2017 1337 2075 tam
1369 2031 1578 2091 parva
1607 2009 1819 2073 insula
1851 2011 1996 2087 fuit,
2031 2031 2201 2091 quae
2233 2022 2365 2075 non
2395 2022 2633 2094 portus

326 2122 477 2176 suos
507 2118 577 2176 et
608 2122 794 2192 agros
824 2117 892 2176 et
925 2111 1210 2193 aliquam
1241 2117 1500 2193 partem
1532 2109 1813 2191 regionis
1846 2116 2045 2192 atque
2078 2120 2227 2175 orae
2259 2113 2635 2179 maritimae

325 2233 440 2294 per
478 2222 547 2276 se
586 2213 728 2294 ipsa
769 2213 1181 2276 defenderet?
1265 2212 1356 2274 At
1394 2210 1652 2273 hercule
1698 2210 1953 2293 aliquot
2014 2222 2221 2275 annos
2281 2215 2637 2279 continuos

326 2318 480 2376 ante
524 2312 730 2393 legem
778 2313 1124 2377 Gabiniam
1171 2311 1276 2374 ille
1322 2310 1603 2392 populus
1650 2311 2007 2387 Romanus»,
2058 2312 2242 2375 cuius
2286 2323 2494 2394 sisque
2543 2316 2635 2378 ad

237 2429 292 2473 ιο
324 2420 616 2476 nostram
657 2413 1035 2478 memoriam
1077 2422 1314 2475 nomen
1353 2411 1675 2472 invictum
1716 2410 1784 2471 in
1824 2411 2170 2475 navalibus
2207 2424 2444 2494 pugnis
2484 2435 2634 2495 per-

298 2512 655 2588 ‘manserit,
697 2523 936 2593 magna
973 2533 1047 2575 ac
1086 2511 1296 2574 multo
1334 2509 1627 2572 maxima
1660 2516 1850 2590 parte
1889 2521 2021 2574 non
2059 2512 2255 2577 modo
2294 2514 2630 2591 utilitatis,

324 2756 377 2798 ot
425 2753 511 2797 the
559 2751 703 2805 style.
785 2749 1222 2804 promulgasset:
1318 2751 1430 2794 bills
1588 2768 1683 2811 The
1710 2769 1879 2820 piu-sul
1906 2770 2058 2822 pliqht
2085 2771 2135 2822 0!
2162 2771 2236 2815 me
2266 2773 2454 2816 Roma„
2482 2775 2633 2818 world

325 2821 422 2864 had
471 2825 525 2863 to
572 2820 634 2863 be
680 2818 857 2872 posted
904 2819 980 2861 sor
1026 2819 1195 2872 public
1238 2819 1430 2871 inspec·
1520 2834 1669 2885 before
1706 2836 1915 2888 Pomm
1951 2838 2284 2882 efflimed
2318 2839 2393 2882 me
2429 2841 2630 2891 pirata,

324 2889 431 2931 tion
457 2887 534 2929 for
558 2886 646 2929 the
670 2896 816 2938 space
841 2884 893 2927 of
921 2885 1058 2930 three
1084 2887 1276 2931 market
1304 2888 1428 2940 days
1521 2901 1655 2952 5554,
1681 2904 1757 2946 55,

330 2956 400 3004 (at
436 2954 560 2997 least
596 2958 860 2996 seventeen
895 2952 1043 3006 days)
1080 2953 1248 2999 before
1281 2955 1428 3008 being
1583 2965 1672 3016 18,
1710 2971 1815 3013 1-5,
1888 2970 2340 3024 Ath0m0m1um‚
2397 2973 2634 3018 cuth..

323 3020 566 3073 proposed
593 3024 647 3063 to
676 3020 762 3064 the
787 3019 994 3065 comitia·
1055 3021 1114 3064 0¹⁵
1145 3051 1159 3065 ·
1191 3054 1207 3066 ·
1239 3052 1253 3066 ·
1280 3022 1425 3067 1⁰⁰⁰:
1519 3035 1881 3087 timentium,
1908 3035 2281 3082 Rhodiorum:
2324 3039 2388 3082 all
2411 3039 2463 3081 of
2486 3041 2631 3084 them

322 3088 451 3130 11²0OE
488 3087 574 3130 the
611 3088 761 3130 Τοδίΐα
804 3087 1110 3140 (addreSSing
1146 3088 1232 3132 the
1270 3101 1426 3143 popu·
1519 3101 1750 3153 formerly
1772 3103 2049 3155 (quondam)
2070 3109 2205 3154 great
2226 3105 2473 3149 maritime
2493 3118 2633 3159 pow-

321 3152 448 3203 ch)
478 3164 533 3196 as
560 3152 667 3196 well
696 3166 751 3198 as
778 3154 831 3197 in
860 3155 945 3198 the
973 3159 1143 3199 senate
1177 3156 1228 3205 (1.
1260 3158 1359 3207 24).
1517 3178 1608 3210 ers,
1688 3167 1929 3212 ngvgugg
2023 3180 2138 3221 goes
2184 3169 2309 3214 both
2353 3173 2478 3216 with
2526 3174 2632 3217 dig..

387 3221 556 3263 28—30.
591 3220 745 3264 tum:
810 3222 1063 3273 emphatic
1095 3221 1164 3274 by
1196 3223 1264 3266 its
1296 3224 1425 3275 posi-
1516 3234 1701 3285 cipum
1729 3234 1829 3277 and
1855 3235 2023 3287 ylario,

326 3286 431 3328 tion
476 3286 671 3330 outside
715 3286 768 3330 ot
813 3288 899 3331 the
944 3288 990 3331 ei
1035 3288 1214 3334 clause.
1293 3297 1425 3334 vera
1578 3302 1624 3343 6,
1659 3309 1804 3352 quae
1838 3330 1853 3344 .
1888 3331 1902 3345 .
1937 3331 1951 3345 .
1983 3301 2329 3349 detenderet:
2388 3306 2560 3350 result.

325 3359 516 3395 cauca:
598 3354 730 3397 ‘true
768 3353 1032 3399 interes-ts!
1106 3355 1294 3400 hodie:
1372 3358 1425 3401 in
1579 3368 1717 3410 9-13.
1750 3366 1869 3411 me:
1945 3380 2001 3412 as
2038 3370 2091 3413 in
2132 3370 2304 3414 Medea
2339 3372 2443 3421 illa,
2485 3376 2537 3418 ο.
2579 3377 2629 3420 4.

323 3417 573 3469 emphatic
601 3420 863 3464 antithesis
892 3426 947 3465 to
976 3424 1092 3473 tum,
1124 3421 1157 3466 l.
1191 3426 1267 3467 28.
1516 3434 1676 3477 culus
1717 3463 1731 3477 .
1772 3464 1786 3477 .
1826 3464 1841 3477 .
1877 3438 2273 3486 permanserit:
2342 3442 2633 3486 concessive

386 3486 556 3528 32—36.
591 3493 727 3529 cum
767 3516 782 3530 .
824 3517 839 3531 .
881 3518 896 3532 .
934 3489 1151 3533 omma:
1225 3501 1306 3534 see
1343 3491 1425 3534 12.
1515 3498 1693 3544 clause.
1769 3501 2081 3547 invictum:
2168 3504 2431 3549 rhetorical
2478 3518 2632 3559 exag-

331 3552 463 3595 1-20.
534 3550 637 3594 The
673 3552 954 3605 imperfeets
990 3555 1148 3609 imply
1188 3557 1300 3601 that
1340 3557 1426 3601 the
1515 3567 1751 3617 geration,
1792 3578 1849 3610 as
1886 3568 1991 3612 also
2032 3570 2264 3621 omnibu-s,
2305 3570 2339 3615 1.
2386 3575 2460 3616 13.
2534 3583 2632 3620 ao:

327 3621 496 3659 events
523 3617 736 3661 detailed
764 3631 889 3665 were
915 3626 1217 3674 customary.
1278 3632 1426 3669 com·
1517 3632 1637 3675 ‘and
1658 3634 1709 3676 in
1730 3633 1867 3678 fact!
1920 3635 2215 3681 utilitatis:
2258 3637 2632 3691 ‘advantages.’

327 3683 544 3726 meatu:
578 3683 930 3731 ‘intercourse’
980 3691 1265 3741 privatam
1281 3702 1424 3738 rem:
1513 3698 1779 3751 signifying
1799 3704 1955 3752 taxes,
1980 3704 2337 3756 corn-supplies
2357 3706 2458 3749 and
2483 3707 2633 3751 trade

322 3758 378 3790 as
424 3750 719 3793 merchants.
800 3753 1087 3804 publicam
1133 3766 1279 3803 rem:
1371 3772 1426 3803 as
1513 3766 1634 3807 with
1653 3766 1840 3817 foreign
1859 3769 2118 3820 provinces
2134 3771 2232 3814 and
2252 3773 2467 3817 natium.
2519 3775 2634 3819 im-

323 3814 490 3865 public
517 3816 718 3859 officerS.
1515 3833 1676 3882 pei-11:
1778 3834 1939 3877 which
1990 3848 2092 3882 was
2141 3837 2361 3883 lessened
2415 3840 2484 3894 by
2538 3840 2634 3888 the
