2913 4338
1218 275 1377 332 GAP.
1423 279 1589 331 εΗ]
2286 242 2289 243 ἢ
2524 277 2635 337 431

321 446 433 529 61.
480 446 608 512 Sed
643 447 939 512 confecto
973 446 1216 530 proelio
1251 452 1396 511 tum
1433 457 1589 512 vero
1629 458 1945 525 cerneres,
1985 455 2236 530 quanta
2274 449 2546 512 audacia

177 573 183 579 ·
238 555 631 629 quantaque
677 548 877 611 animi
922 558 1021 610 vis
1066 548 1294 611 fuisset
1341 547 1410 609 in
1454 548 1749 611 exercitu
1782 549 2115 611 Catilinae.
2208 549 2377 611 Nam
2415 549 2546 613 fere

238 668 444 729 quem
504 648 776 728 quisque
832 658 1020 712 vivos
1073 648 1431 729 pugnando
1488 648 1701 712 locum
1746 655 2036 729 ceperat,
2095 668 2246 711 eum
2304 649 2541 712 amissa

236 748 467 813 anima
495 768 757 828 corpore
784 749 1065 828 tegebat.
1137 749 1338 810 Pauci
1364 753 1605 824 autem,
1635 757 1800 828 quos
1829 748 2079 811 medios
2109 750 2336 812 cohors
2365 769 2550 830 prae-

175 869 206 912 ὁ
237 849 417 913 toria
472 848 827 924 disiecerat,
883 847 1080 929 paulo
1132 847 1471 923 divorsiuS‚
1526 847 1642 911 sed
1693 859 1918 912 omnes
1970 856 2194 912 tamen
2249 849 2544 912 advorsis

237 948 620 1014 volneribus
665 947 1097 1012 conciderant.
1187 947 1467 1011 Catilina
1507 957 1662 1012 vero
1703 948 1891 1027 longe
1933 958 1973 1012 a
2014 959 2146 1012 suis
2188 949 2357 1012 inter
2402 950 2549 1014 hos-

235 1051 415 1114 tium
470 1049 791 1113 cadavera
837 1054 1130 1128 repertus
1162 1054 1281 1124 est,
1318 1047 1658 1129 paululum
1692 1048 1893 1111 etiam
1928 1059 2182 1129 spirans
2214 1050 2551 1113 ferociam-

235 1170 372 1232 que
419 1149 638 1225 animi,
685 1169 885 1229 quam
928 1147 1248 1212 habuerat
1294 1156 1501 1225 vivos,
1533 1148 1603 1210 in
1629 1148 1816 1213 voltu
1845 1149 2145 1212 retinens.
2209 1151 2548 1214 Postremo

237 1272 326 1314 ex
366 1258 547 1314 omni
585 1249 772 1330 copia
810 1268 1021 1330 neque
1060 1248 1129 1311 in
1166 1247 1409 1329 proelio
1445 1268 1658 1330 neque
1696 1248 1765 1310 in
1804 1249 1959 1328 fuga
1998 1249 2346 1330 quisquam
2390 1250 2547 1313 civis

152 1369 210 1412 ω
240 1352 567 1431 ingenuus
607 1356 839 1430 captus
881 1355 1010 1413 est:
1094 1348 1191 1413 ita
1230 1355 1449 1413 cuncti
1488 1368 1644 1411 suae
1683 1348 2100 1429 hostiumque
2143 1356 2320 1412 vitae
2363 1349 2550 1414 iuxta

238 1455 689 1533 pepercerant.
782 1450 1010 1531 Neque
1048 1455 1273 1512 tamen
1314 1449 1637 1513 exercitus
1687 1449 1913 1531 popuH
1967 1450 2252 1512 Romani
2306 1449 2546 1513 laetam

239 1556 364 1614 aut
411 1550 818 1614 incruentam
869 1549 1211 1613 victoriam
1261 1548 1540 1629 adeptus
1587 1554 1746 1612 erat.
1836 1570 1991 1612 nam
2041 1550 2549 1613 strenuissumus

239 1650 523 1733 quisque
569 1656 685 1713 aut
735 1649 1062 1714 occiderat
1107 1649 1176 1711 in
1218 1649 1463 1731 proelio
1510 1656 1628 1713 aut
1671 1649 1956 1730 graviter
2001 1650 2378 1714 volneratus
2425 1650 2550 1712 dis-

240 1754 545 1815 cesserat.
638 1750 828 1814 Multi
886 1757 1128 1826 autem,
1188 1759 1303 1831 qui
1359 1759 1395 1813 e
1452 1754 1681 1813 castris
1736 1750 1997 1813 visundi
2053 1757 2170 1814 aut
2229 1749 2551 1830 spoliandi

149 1869 208 1914 ιε
236 1850 458 1931 gratia
502 1856 967 1930 processerant,
1019 1850 1357 1914 volventes
1404 1849 1667 1914 hostilia
1715 1851 2037 1914 cadavera
2083 1860 2365 1914 amicum
2420 1849 2544 1926 alii,

235 1970 396 2032 pars
419 1950 746 2031 hospitem
770 1956 887 2014 aut
909 1957 1258 2030 cognatum
1281 1950 1716 2030 reperiebant3
1739 1951 1915 2014 fuere
1935 1950 2095 2014 item
2118 1960 2231 2031 qui
2255 1951 2545 2013 inimicos

235 2061 394 2114 suos
439 2057 916 2130 cognoscerent.
1005 2051 1115 2114 Ita
1156 2050 1334 2114 varie
1376 2070 1494 2131 per
1547 2071 1806 2114 omnem
1871 2051 2228 2114 exercitum
2293 2050 2534 2114 laetitia

236 2171 517 2227 maeror,
576 2149 794 2215 luctus
852 2157 1052 2232 atque
1108 2150 1347 2232 gaudia
1406 2151 1843 2231 agitabantur.

308 2328 408 2373 His
447 2327 676 2381 roaowm
712 2327 868 2379 retuso
906 2328 1094 2381 quana·
1129 2328 1230 2372 and
1266 2326 1355 2380 tall
1439 2328 1576 2379 flung
1588 2332 1729 2380 apart
1745 2328 1814 2380 by
1828 2327 1990 2371 force!
2054 2326 2224 2379 paulo
2237 2327 2509 2371 diversius

241 2395 395 2440 where
423 2394 529 2447 theu
557 2395 654 2439 had
678 2395 857 2448 touoht.
915 2443 921 2449 ,
1443 2395 1494 2438 ‘a
1534 2394 1663 2439 little
1706 2395 1862 2438 aside'
1907 2395 2033 2438 irom
2075 2394 2233 2437 where
2278 2395 2397 2445 they
2440 2394 2515 2436 ha«

309 2460 404 2513 81.
439 2464 485 2507 2.
516 2461 656 2506 tere:
692 2463 764 2506 ‘in
825 2461 1051 2513 general!
1439 2462 1598 2506 stood.
1637 2461 1915 2504 advorsis:
1958 2462 2029 2505 ‘in
2044 2460 2525 2511 front‚'lit.‚‘turneo

311 2533 355 2574 3.
391 2529 575 2574 vivon:
607 2539 687 2573 see
722 2540 788 2572 on
824 2540 1006 2578 novom.
1045 2529 1127 2573 51.
1161 2531 1235 2580 23,
1269 2530 1352 2572 28.
1439 2528 1651 2571 toward'
1684 2528 1767 2572 the
1797 2539 1988 2579 enemy.

247 2598 326 2641 17.
1502 2596 1548 2638 8.
1583 2596 1762 2638 vivon:
1796 2597 1932 2638 case?

312 2666 356 2712 4,
392 2664 438 2706 5.
471 2661 638 2714 pauci
663 2670 804 2713 quo·
833 2661 1069 2706 medion:
1104 2661 1156 2705 ‘a
1181 2662 1272 2706 few
1296 2661 1349 2705 in
1503 2663 1546 2704 9.
1580 2662 1906 2712 quitquam:
1939 2672 2003 2704 on
2020 2660 2267 2705 Catiline’s
2282 2659 2400 2703 side.

246 2728 337 2773 the
368 2731 551 2778 center,
590 2727 786 2776 whom.’
815 2733 910 2773 etc.
977 2728 1170 2771 cohors
1199 2736 1351 2780 prae-
1505 2729 1575 2775 15.
1615 2730 1687 2770 16.
1721 2726 1832 2778 alii,
1883 2736 2035 2778 pars:
2069 2738 2099 2769 a
2145 2727 2388 2769 variation
2435 2737 2526 2772 me.

249 2794 418 2843 m:
482 2805 563 2843 see
609 2794 691 2842 ω.
737 2796 812 2840 12.
859 2794 1168 2839 mewa&
1228 2793 1348 2838 ‘had
1436 2792 1718 2847 repeatedly
1733 2794 1808 2836 tor
1822 2793 1911 2838 alii
1944 2822 1956 2839 .
1991 2822 2004 2837 .
2040 2822 2055 2840 .
2087 2796 2192 2838 alii.
