2913 4338
1164 272 1323 325 CAP.
1368 276 1431 324 51
2424 269 2546 331 415

168 442 241 502 in
277 442 417 505 talis
459 443 750 506 homines
791 444 1044 507 crfidele
1085 444 1222 506 fieri
1261 446 1544 524 potest?)
1593 444 1706 506 sed
1748 444 1958 507 aliena
2000 453 2041 508 e
2079 454 2147 507 re
2187 442 2451 523 publice

164 549 382 605 nostra
411 542 686 606 videtur.
777 544 944 605 Nam
970 544 1262 623 profecte
1290 551 1406 607 aut
1432 551 1648 607 metus
1675 551 1793 608 aut
1817 545 2050 607 iniuria
2076 550 2144 607 te
2168 544 2443 622 subegit,

164 644 390 719 Silene,
442 643 766 706 censulem
812 644 1219 722 designatum
1262 665 1465 724 genus
1506 664 1756 724 poenae
1797 665 2040 708 novom
2084 644 2441 707 decernere.

86 764 130 804 ’,5
167 746 264 808 De
334 745 565 807 timere
640 755 1189 823 supervacaneum
1262 753 1364 810 est
1438 745 1763 822 disserere,
1842 766 1991 808 cum
2065 744 2447 824 praesertim

165 844 494 923 diligentia
530 844 884 907 clarissumi
917 845 1040 907 viri
1075 845 1352 908 censulis
1385 852 1578 908 tanta
1610 846 1933 926 praesidia
1966 845 2100 909 sint
2131 845 2201 906 in
2235 854 2448 906 armis

166 947 265 1007 De
296 955 505 1025 poene.
542 966 804 1025 possum
842 946 1140 1026 equidem
1179 946 1408 1021 dicere,
1446 946 1516 1008 id
1553 946 1731 1026 quod
1767 956 1868 1009 res
1905 946 2124 1021 habet,
2164 946 2234 1006 in
2268 944 2452 1007 lfictfi

165 1051 361 1124 atque
408 1045 676 1108 miseriis
724 1052 999 1108 mortem
1048 1056 1503 1108 aerumnarum
1550 1046 1857 1126 requiem,
1907 1056 2042 1107 nen
2088 1044 2450 1108 cruciatum

166 1164 321 1220 esse;
352 1165 497 1207 eam
531 1152 766 1208 cuncta
798 1145 1170 1208 mortelium
1201 1146 1375 1208 mala
1406 1146 1781 1223 dissolvere;
1814 1146 1988 1209 ultra
2018 1166 2228 1225 neque
2261 1155 2451 1208 curae

86 1261 133 1302 30
168 1264 369 1325 neque
406 1245 642 1324 gaudie
680 1246 893 1309 locum
930 1266 1084 1307 esse.
1174 1245 1319 1322 Sed,
1359 1267 1475 1327 per
1511 1247 1666 1308 dees
1702 1245 2085 1321 inmortelIS,
2127 1266 2327 1326 quam
2366 1231 2466 1307 ob'

167 1364 298 1406 rem
340 1346 410 1406 in
452 1346 844 1408 sententiam
889 1356 1021 1407 nen
1066 1346 1394 1421 addidisti,
1441 1353 1544 1409 uti
1586 1348 1765 1427 prius
1810 1347 2186 1409 verberibus
2230 1346 2298 1408 in
2341 1354 2452 1407 ees

169 1444 829 1509 animadverteretur?
872 1466 958 1507 an
1012 1446 1166 1526 quia
1220 1445 1326 1509 lex
1380 1446 1611 1509 Porcia
1667 1450 1890 1510 vetat?
1934 1452 2006 1509 at
2062 1446 2226 1508 aliae
2280 1446 2451 1524 leges

170 1545 321 1607 item
359 1545 806 1608 condemnatis
846 1546 1095 1609 civibus
1132 1556 1265 1608 nen
1304 1546 1591 1609 animam
1631 1547 1810 1626 eripi,
1852 1547 1966 1609 sed
2004 1546 2269 1609 exilium
2308 1566 2452 1625 per-

170 1644 340 1707 mitti
390 1645 637 1707 iubent.
729 1647 832 1707 An
886 1646 1040 1726 quia
1093 1647 1354 1725 gravius
1408 1653 1509 1709 est
1564 1649 1890 1710 verberari
1944 1667 2143 1727 quam
2200 1648 2452 1708 necari?

87 1759 140 1802 55
170 1746 322 1822 quid
352 1753 584 1810 autem·
606 1748 910 1809 acerbum
944 1753 1061 1810 aut
1091 1747 1283 1808 nimis
1312 1766 1511 1825 grave
1541 1753 1642 1809 est
1674 1748 1741 1808 in
1772 1747 2064 1810 homines
2096 1753 2269 1809 tanti
2300 1746 2456 1807 faci-

171 1846 336 1908 noris
382 1847 753 1911 convictes?
802 1856 903 1908 sin
949 1846 1104 1926 quia
1150 1847 1356 1909 levius
1404 1853 1524 1924 est,
1576 1857 1690 1927 qui
1739 1848 2044 1909 convenit
2092 1847 2161 1908 in
2208 1848 2455 1909 minere

172 1947 417 2024 negetie
471 1948 676 2026 legem
732 1948 977 2022 timere,
1036 1968 1183 2008 cum
1237 1967 1380 2009 eam
1434 1946 1505 2007 in
1558 1948 1800 2010 maiere
1853 1948 2238 2026 neglegeris?

253 2047 356 2109 ‘At
397 2049 568 2109 enim
618 2047 761 2127 quis
808 2046 1233 2126 reprehendet
1282 2047 1459 2126 quod
1506 2047 1575 2108 in
1619 2048 1970 2127 parricidas
2015 2057 2106 2109 rei
2150 2047 2448 2126 pfiblicae

173 2143 488 2210 decretum
546 2147 708 2210 erit?
792 2152 1051 2227 tempus
1107 2145 1241 2210 dies
1295 2146 1577 2223 fortsma,
1637 2148 1818 2210 cuius
1871 2147 2094 2211 lubide
2147 2147 2450 2226 gentibus

96 2260 146 2302 ἰο
175 2247 550 2310 moderatur.
644 2247 777 2308 Illis
836 2247 1066 2309 merite
1126 2247 1374 2309 accidet
1432 2247 1743 2328 quicquid
1802 2248 2115 2310 evenerit:
2161 2254 2447 2310 ceterum

175 2355 302 2421 ves,
363 2354 581 2426 patres
648 2353 1011 2426 censcripti,
1080 2346 1236 2427 quid
1299 2347 1369 2408 in
1430 2347 1591 2409 alies
1640 2348 1971 2422 statuetiS,
2021 2348 2439 2411 censiderate.

238 2525 306 2567 52.
336 2525 419 2569 ln:
483 2524 731 2576 ‘against.’
768 2524 1011 2568 ‘toward'
1075 2523 1256 2567 aliena
1412 2526 1489 2568 66.
1525 2524 1646 2575 qul:
1703 2523 2015 2567 ‘how?'—-an
2043 2522 2124 2566 old
2155 2522 2372 2566 ablative
2399 2521 2451 2566 of

179 2596 232 2632 a:
277 2591 607 2635 ‘inconsistent
634 2591 787 2634 with!
1350 2592 1471 2642 quis,
1509 2593 1625 2643 quid
1663 2592 1740 2639 (A.
1780 2594 1882 2641 150,
1920 2591 1975 2640 b;
2012 2592 2068 2634 B.
2106 2593 2181 2641 90,
2219 2593 2261 2640 2.
2298 2601 2348 2638 az
2385 2590 2451 2632 H.

238 2659 306 2700 53.
338 2659 436 2702 aut
467 2659 656 2702 metue
687 2658 788 2702 aut
815 2659 1048 2702 iniuria:
1108 2657 1255 2701 ‘sear’
1355 2659 1456 2709 184,
1488 2661 1536 2709 4;
1563 2659 1711 2702 H.-B.
1742 2661 1845 2709 140,
1876 2659 1948 2709 b).

178 2723 227 2764 of
258 2734 616 2776 consequences,
660 2725 817 2768 ‘sense
852 2726 904 2768 of
939 2725 1123 2775 having
1156 2725 1254 2767 suf·

180 2788 300 2833 iered
329 2792 523 2842 wrong.'
589 2793 656 2834 As
687 2791 772 2835 the
803 2792 1006 2843 speaker
1036 2791 1255 2834 immedi·
1415 2792 1515 2836 ‘No
1546 2792 1852 2844 punishment
1880 2792 1926 2834 is
1955 2792 2028 2834 too
2058 2789 2200 2833 harsh
2228 2789 2304 2841 tor
2331 2788 2456 2832 these

180 2856 302 2909 ately
349 2859 575 2901 excludes
629 2858 775 2900 ‘sear'
828 2857 914 2900 the
964 2857 1257 2900 alternative
1348 2871 1471 2908 men,
1514 2861 1592 2902 but
1629 2860 1871 2910 disreqard
1908 2859 1956 2909 of
1994 2858 2084 2900 law
2121 2868 2183 2899 on
2222 2866 2310 2898 our
2346 2854 2458 2906 part

179 2920 351 2966 iniuria
373 2926 413 2968 is
437 2924 524 2969 left
552 2936 607 2968 as
634 2924 839 2968 Silanus’
868 2925 1068 2968 motive.
1350 2926 1527 2976 affords
1571 2928 1644 2969 too
1688 2928 1950 2976 danqerous
1993 2935 2025 2966 a
2069 2921 2331 2974 precedent’
2382 2919 2454 2969 (11.

238 2991 306 3033 56.
325 2995 611 3044 praesidia:
631 2993 710 3035 50.
727 2993 775 3039 9:
791 2991 852 3035 cf.
872 2993 1107 3040 exercitus,
1126 2991 1159 3034 1.
1180 2992 1257 3034 93.
1351 2994 1546 3043 68-96).

239 3059 306 3105 57.
339 3061 411 3102 58.
444 3060 507 3102 ln
538 3058 702 3103 luctu
738 3087 751 3101 .
790 3088 803 3101 .
842 3088 855 3102 .
889 3059 1163 3109 requiem:
1229 3069 1258 3100 a
1416 3061 1492 3102 68.
1528 3060 1589 3102 at
1615 3060 1792 3102 emm:
1848 3058 1975 3106 ‘but,
2005 3067 2104 3107 you
2133 3066 2249 3107 may
2275 3054 2453 3097 ask’—

183 3119 247 3165 bit
279 3126 327 3167 of
360 3126 633 3177 Epicurean
669 3125 977 3177 philosophy,
1014 3128 1065 3169 of
1102 3125 1257 3168 which
1354 3137 1382 3168 a
1424 3126 1633 3168 familiar
1675 3137 1760 3167 use
1801 3125 1852 3167 of
1892 3124 1954 3172 at,
1998 3126 2052 3165 to
2092 3121 2347 3164 introduce
2386 3131 2452 3165 an

186 3187 340 3234 Caesar
367 3204 464 3236 was
490 3193 633 3242 fond;
659 3193 699 3235 it
728 3193 770 3235 is
799 3193 983 3242 quoted
1011 3195 1062 3237 in
1092 3193 1178 3238 1v.
1208 3195 1260 3237 4.
1354 3192 1646 3245 opponent's
1686 3190 1895 3242 possible
1935 3189 2164 3240 objectim

188 3256 335 3301 10-13.
1354 3266 1407 3304 to
1434 3270 1619 3303 answer
1644 3259 1700 3302 it.

240 3327 307 3368 59.
339 3325 509 3371 ultra:
624 3327 1117 3382 adverb—‘beyond’
1174 3329 1260 3373 the
1416 3333 1492 3374 69.
1529 3329 1770 3379 tempus,
1820 3325 1952 3375 (1108.
1999 3322 2164 3367 tortu]

186 3400 330 3439 grave.
1353 3399 1478 3449 jects
1497 3399 1548 3440 oi
1565 3394 1907 3448 reprehendent,
1933 3390 2155 3443 supplied

240 3461 307 3503 62.
339 3462 906 3508 animadverteretur:
966 3464 1257 3517 impersonal
1353 3467 1437 3516 ing
1459 3466 1543 3508 the
1567 3465 1806 3514 question.
1865 3463 2115 3512 temnunt
2163 3465 2164 3472 ¹

188 3526 252 3554 -⁸
261 3528 564 3578 punishment
586 3530 648 3572 be
666 3530 916 3575 inflicted)
941 3529 1030 3574 lex
1048 3531 1259 3576 Porcia:
1354 3533 1530 3576 ticular
1549 3531 1806 3575 occasion!
1858 3530 2018 3574 cuiun
2037 3525 2164 3572 lubi*

186 3589 219 3633 it
251 3594 440 3638 forbade
474 3598 701 3648 flogging.
770 3597 911 3641 aliae
945 3597 1115 3649 letes:
1184 3609 1261 3641 see
1354 3599 1566 3651 caprice·
1599 3599 1680 3647 (cf.
1708 3598 1901 3649 fortuna
1929 3629 1940 3640 .
1972 3627 1983 3639 .
2013 3627 2026 3639 .
2055 3595 2164 3637 dom

188 3667 243 3701 011
270 3661 391 3712 leves,
427 3664 468 3707 1.
505 3665 585 3707 11.
624 3666 695 3714 14,
732 3664 829 3707 and
865 3665 927 3708 cf.
962 3664 1073 3708 that
1105 3664 1262 3708 whole
1353 3676 1425 3708 res
1459 3666 1649 3708 cunctae
1682 3675 1737 3707 ex
1769 3664 1979 3708 lubidine
2015 3693 2028 3706 .
2064 3693 2077 3706 .
2114 3692 2127 3704 .

189 3734 369 3779 Dssssage
398 3730 517 3774 with
553 3731 667 3774 this.
1358 3735 1397 3781 1,
1425 3733 1492 3780 2).

242 3796 308 3836 64.
341 3806 435 3841 an:
493 3809 559 3840 sc.
593 3808 689 3840 non
719 3797 960 3846 addidisti,
992 3801 1102 3846 etc..
1135 3797 1261 3840 from
1419 3801 1493 3841 70.
1526 3797 1660 3841 illle:
1713 3797 1774 3840 ef.
1803 3796 2008 3840 illorum.
2037 3794 2069 3838 l.
2100 3797 2164 3837 45,

190 3854 217 3900 l.
241 3862 310 3908 61:
335 3875 386 3906 so
412 3866 538 3908 after
566 3865 659 3912 sin,
688 3863 719 3906 l.
749 3866 823 3907 66.
1419 3855 1508 3907 71.‘
1529 3863 1688 3907 alloes
1784 3873 1982 3915 persons
2028 3861 2138 3904 who
