2913 4338
257 258 382 324 300
964 260 1115 317 PRO
1168 261 1244 316 M.
1302 259 1704 316 MARCELLO
1761 259 2044 316 ORATIO

434 437 504 503 9.
549 435 730 501 Haec
771 436 969 517 igitur
997 433 1120 499 tibi
1159 434 1407 515 reliqua
1435 454 1588 514 pars
1616 440 1735 499 est.
1768 434 1872 498 hic
1914 440 2121 498 restat
2165 440 2372 513 actus,
2403 434 2475 498 in
2518 435 2647 500 hec
2667 436 2746 500 27

355 535 821 599 elaberandum
841 541 962 613 est,
981 541 1059 598 ut
1079 554 1217 598 rem
1239 533 1569 615 publicam
1593 534 1971 610 constituas,
1997 544 2204 615 eaque
2227 540 2305 598 tu
2326 534 2396 597 in
2417 544 2652 617 primis

354 644 614 698 summa
635 636 1110 718 tranquillitate
1143 640 1213 699 et
1247 636 1382 698 etie
1406 633 1764 715 perfruare3
1804 640 1948 698 tum
1974 640 2062 710 te,
2091 643 2147 696 81·
2172 634 2370 712 voleS,
2398 655 2555 699 cum
2583 643 2653 699 et

295 749 299 753 “
354 736 626 817 patriae,
640 737 819 817 quod
834 734 1402 812 debeS,solveriset
1419 740 1724 797 naturam
1742 735 1950 815 ipsam
1967 735 2326 817 expleveris
2340 737 2656 813 satietate

292 855 324 900 5
355 836 640 914 vivendI,
658 838 818 900 satis
834 837 945 899 din
959 836 1196 899 vixisse
1211 834 1410 898 dicite
1525 834 1697 911 Quid
1711 835 1884 898 enim
1899 840 2001 898 est
2014 836 2281 898 omnine
2294 835 2418 900 hoc
2435 836 2655 916 ipsum

356 937 488 1013 diu,
536 936 603 998 in
648 946 780 1018 que
823 942 924 1000 est
969 935 1214 1016 aliquid
1256 937 1662 998 extremum?
1744 934 1934 1011 Quod
1980 955 2129 998 cum
2174 935 2378 1013 venit,
2426 936 2644 1000 omnis

355 1035 661 1117 voluptas
690 1026 1194 1117 praeterita'pre
1223 1033 1423 1096 nihile
1453 1039 1574 1111 est,
1608 1034 1763 1115 quia
1792 1040 2023 1115 postea
2054 1035 2231 1097 nulla
2261 1040 2363 1098 est
2393 1034 2642 1098 futura.

355 1136 772 1218 Quamquam
825 1136 949 1199 iste
1002 1139 1159 1198 tuus
1213 1134 1470 1197 animus
1518 1153 1879 1215 numquam
1933 1133 2033 1196 his
2088 1135 2425 1214 angustiis,
2486 1146 2656 1216 ques

355 1242 592 1300 natfira
621 1238 807 1300 nobis
837 1235 921 1299 ad
950 1233 1307 1298 vivendum
1338 1233 1539 1311 dedit,
1572 1240 1919 1297 contentus
1947 1234 2093 1310 fuit,
2126 1254 2380 1314 semper
2408 1234 2653 1297 inmor-

262 1355 322 1397 10
355 1335 632 1403 talitatis
664 1345 883 1400 amere
915 1334 1233 1414 flagrevit.
1324 1333 1459 1397 Nec
1491 1343 1646 1397 vere
1676 1333 1835 1397 haec
1867 1347 1986 1396 tua
2017 1338 2160 1397 vita
2191 1334 2492 1399 ducenda
2522 1340 2645 1410 est,
2673 1337 2753 1399 28

358 1454 528 1516 quae
551 1456 816 1516 corpore
838 1441 908 1499 et
931 1435 1165 1515 spiritu
1189 1434 1588 1511 continetur;
1611 1433 1740 1503 illa,
1767 1433 2057 1514 inquam,
2084 1434 2196 1497 illa
2218 1439 2361 1497 vita
2383 1439 2487 1497 est
2510 1439 2650 1510 tua,
2743 1474 2750 1485 ·

357 1554 527 1614 quae
570 1536 817 1614 vigebit
859 1534 1171 1598 memoria
1212 1534 1616 1597 saeculerum
1676 1533 1987 1610 omnium,
2034 1553 2235 1614 quam
2299 1534 2655 1613 posteritas

359 1634 507 1710 alet,
541 1655 740 1715 quam
770 1635 912 1715 ipsa
941 1634 1294 1697 aeternitas
1322 1653 1577 1712 semper
1604 1632 1914 1696 tuebitur.
2004 1632 2175 1696 Huic
2205 1638 2285 1696 tii
2311 1634 2651 1709 inserviaS,

357 1733 505 1795 huic
528 1741 597 1797 te
616 1740 905 1798 ostentes
924 1738 1203 1814 oportet,
1227 1752 1396 1814 quae
1416 1731 1702 1812 quidem,
1727 1751 1896 1813 quae
1932 1738 2221 1809 miretur,
2244 1732 2378 1795 iam
2399 1733 2661 1812 pridem

358 1833 568 1897 multa
605 1834 833 1912 habet;
872 1854 1045 1897 nunc
1084 1822 1306 1910 etiam,
1347 1851 1518 1913 quae
1555 1830 1801 1908 laudet,
1842 1837 2200 1913 exspectat.
2291 1831 2654 1913 Obstupes-

357 1939 507 1997 cent
555 1939 800 2014 posteri
850 1939 1024 1996 certe
1072 1932 1361 2012 imperia,
1424 1931 1815 2012 provincias,
1891 1932 2215 2008 Rhenum,
2292 1921 2652 2010 Oceanum,

359 2033 601 2110 Nilum,
625 2042 877 2115 pugnes
897 2031 1416 2107 innumerabiles,
1440 2030 1849 2094 incredibiles
1870 2031 2199 2107 victorias,
2224 2031 2654 2107 monimenta,

357 2142 644 2210 munera,
687 2132 1053 2213 triumphes
1093 2131 1430 2195 audientes
1469 2136 1537 2194 et
1575 2130 1861 2212 legentes
1899 2136 2068 2195 tues.
2158 2129 2286 2195 Sed
2327 2131 2451 2194 nisi
2491 2131 2653 2196 haec
2672 2133 2750 2196 29

357 2234 511 2295 urbs
553 2233 844 2297 stabilita
885 2238 1016 2295 tuis
1060 2232 1337 2294 censiliis
1378 2237 1446 2294 et
1492 2231 1815 2294 institutis
1855 2232 1999 2307 erit,
2049 2232 2402 2311 vagabitur
2459 2232 2660 2295 modo

265 1852 324 1895 15

424 2455 540 2500 Live
577 2458 676 2500 and
714 2457 843 2499 labor
879 2457 925 2499 to
964 2456 1089 2499 show
1128 2455 1332 2507 voureelt
1371 2467 1459 2507 ap-

359 2524 530 2576 proved
553 2524 599 2566 to
623 2523 780 2575 tuturo
803 2523 1112 2575 ueneratione.

424 2586 478 2639 9.
516 2591 559 2633 1.
589 2589 777 2633 actus:
859 2587 996 2639 ‘act.’
1051 2587 1334 2639 suggesting
1370 2588 1458 2631 the

358 2654 571 2700 famular
635 2655 944 2709 compar-ison
999 2654 1053 2698 01
1100 2653 1186 2698 lite
1253 2653 1375 2698 with
1425 2664 1458 2697 a

359 2722 493 2776 play.

423 2791 469 2833 2.
500 2790 570 2834 ut
596 2817 613 2835 .
648 2818 665 2835 .
700 2818 717 2835 .
749 2787 1054 2841 pern-uate:
1098 2787 1378 2841 appositive
1401 2790 1456 2831 to

358 2853 459 2900 hoc.
522 2856 591 2900 tu
616 2856 680 2900 in
707 2856 925 2908 primis:
960 2855 1082 2907 ‘you
1109 2855 1267 2898 above
1294 2852 1393 2897 all!

421 2923 530 2967 3-5.
563 2921 993 2973 tranquillitate,
1029 2921 1168 2965 otio:
1234 2929 1455 2964 manner.

360 2988 442 3032 te:
473 2989 663 3040 subject
698 2988 750 3031 01
782 2987 973 3032 vixisse.
1038 2987 1212 3030 Notiee
1244 2987 1356 3031 that
1391 2986 1456 3029 all

359 3054 447 3097 the
479 3054 620 3100 finite
653 3054 800 3098 verbs
833 3053 944 3097 deal
978 3053 1099 3097 with
1133 3054 1301 3097 tuture
1335 3053 1456 3096 time

358 3124 535 3173 except
550 3121 696 3172 debes,
718 3120 871 3164 ‘what
891 3131 988 3173 you
1005 3130 1116 3163 now
1132 3119 1271 3164 owe!
1318 3120 1458 3171 quid

357 3186 445 3231 oet
480 3216 495 3231 .
531 3216 547 3232 .
582 3216 597 3232 .
630 3187 753 3232 diu:
787 3187 959 3230 ‘What
994 3187 1037 3229 is
1071 3186 1173 3230 this
1208 3184 1454 3237 “long”r’

422 3253 467 3297 6.
499 3253 676 3305 quode
723 3253 1014 3297 antecedent
1039 3253 1082 3296 is
1106 3253 1292 3305 aliquid
1313 3253 1458 3296 extre·

356 3330 502 3364 mum.

422 3387 467 3431 7.
498 3385 680 3432 nunaz
711 3397 780 3431 sc.
794 3387 1025 3439 voluptas.

424 3454 496 3496 10.
530 3453 672 3498 vita:
703 3453 1032 3506 predicate—⁸
1041 3463 1132 3496 nor
1176 3455 1308 3495 must
1357 3452 1456 3495 this

360 3519 418 3561 be
437 3518 720 3562 considered
740 3531 863 3573 your
883 3519 1024 3571 (real)
1038 3518 1158 3562 lile)

424 3587 495 3634 13.
532 3587 606 3629 14.
642 3586 798 3631 huic:
828 3585 1064 3636 referring
1107 3588 1162 3628 to
1208 3585 1296 3629 illa
1340 3585 1454 3636 vita.

353 3651 387 3694 1.
420 3653 492 3694 11.
556 3652 842 3703 inservias.
872 3652 1142 3696 ostentes:
1172 3662 1254 3695 see
1276 3653 1338 3696 A.
1361 3653 1458 3696 565

357 3716 456 3758 and
483 3722 600 3760 note
624 3720 675 3765 3:
702 3718 762 3761 B.
788 3720 894 3768 295,
922 3719 968 3767 6.
994 3718 1047 3768 8;
1073 3717 1139 3761 Η.
1164 3718 1272 3769 564,
1298 3716 1372 3761 11.
1407 3720 1458 3767 1:

360 3779 508 3823 H.-B.
541 3784 648 3832 513,
683 3785 727 3833 5,
761 3782 863 3825 and
889 3783 955 3825 ef.
982 3785 1102 3825 note
1127 3793 1194 3825 on
1221 3782 1265 3826 1.
1297 3783 1349 3828 1.
1381 3784 1456 3828 16.

358 3852 527 3898 φησι
564 3847 697 3892 (that
730 3846 838 3898 nte)
876 3847 1056 3890 ‘which
1086 3847 1204 3899 long
1236 3848 1325 3891 has
1357 3849 1459 3892 had

1544 2464 1696 2507 many
1720 2454 1885 2505 things
1914 2454 1985 2504 (in
2009 2465 2134 2507 your
2156 2455 2344 2505 eareer)
2368 2459 2424 2499 to
2448 2455 2659 2507 admire.

1543 2521 1641 2563 and
1656 2531 1766 2564 now
1779 2521 1822 2564 is
1836 2520 1935 2564 81111
1951 2521 2152 2572 looking
2164 2522 2375 2565 torward
2393 2525 2448 2564 to
2456 2524 2659 2576 (many)

1542 2587 1701 2631 which
1726 2587 1766 2629 it
1793 2598 1912 2640 may
1940 2587 2133 2640 praise.’
2199 2589 2294 2632 For
2319 2588 2409 2631 the
2435 2589 2660 2640 thought

1542 2656 1594 2696 111
1612 2664 1730 2706 quae
1746 2653 1943 2697 miretur
1958 2655 2057 2698 and
2075 2665 2197 2707 quae
2212 2655 2374 2699 laudet
2392 2665 2472 2699 see
2490 2657 2544 2699 8.
2565 2659 2665 2699 31-

1543 2723 1626 2770 33:
1650 2721 1727 2764 101·
1743 2721 1846 2764 iam
1863 2722 2048 2774 pridem
2066 2720 2199 2766 habet
2217 2732 2300 2766 see
2318 2733 2385 2766 on
2401 2721 2490 2766 IV.
2507 2723 2560 2766 8.
2579 2724 2662 2770 17:

1609 2855 1762 2897 15-18
1821 2855 2010 2906 ⁰Sure1y
2034 2866 2148 2899 men
2175 2855 2227 2899 01
2258 2855 2428 2899 future
2457 2867 2663 2906 genera-

1543 2921 1677 2964 110118
1693 2920 1791 2965 will
1808 2921 1957 2965 stand
1981 2922 2187 2965 amazed
2211 2922 2355 2966 when
2383 2922 2507 2975 they
2538 2923 2663 2967 hear

1542 2987 1642 3031 and
1668 2987 1821 3039 read:
1845 2991 1943 3034 etc.
2007 2988 2291 3040 Rhenum,
2341 2989 2662 3035 oceanume

1543 3055 1760 3098 Gaesar’s
1779 3055 2031 3099 invasions
2054 3056 2108 3098 01
2129 3056 2379 3109 Germany
2401 3055 2503 3099 and
2525 3056 2664 3100 Brit-

1542 3122 1625 3164 ain
1645 3121 1724 3171 (B.
1743 3121 1801 3164 G.
1817 3121 1862 3166 4.
1887 3122 1957 3171 5).
2023 3122 2241 3169 Nilum:
2274 3124 2420 3167 After
2435 3123 2522 3166 the
2545 3122 2666 3167 bat-

1543 3187 1612 3230 tle
1640 3187 1693 3230 01
1719 3187 1983 3231 Pharsalus
2015 3189 2236 3242 Pompey
2267 3188 2366 3233 fied
2397 3194 2452 3233 to
2484 3189 2661 3243 Egypt

1548 3254 1726 3303 (where
1749 3254 1812 3297 he
1832 3265 1934 3297 was
1956 3255 2328 3308 assassinated).
2352 3256 2454 3300 and
2479 3256 2665 3299 Caesar

1543 3319 1793 3373 presently
1850 3321 2097 3366 followed.
2161 3323 2266 3366 The
2323 3323 2550 3374 subjecte
2610 3323 2665 3366 01

1544 3397 1711 3439 young
1744 3387 1973 3441 Ptolemy
2004 3399 2132 3433 were
2165 3389 2346 3434 hostile
2379 3389 2480 3433 and
2514 3389 2598 3432 101·
2629 3400 2664 3434 a

1544 3454 1664 3496 time
1677 3453 1740 3498 he
1752 3465 1853 3498 was
1865 3455 1919 3498 in
1934 3460 2072 3507 great
2087 3456 2286 3509 danger,
2305 3457 2397 3501 but
2413 3460 2468 3500 at
2483 3455 2664 3508 length

1543 3531 1654 3563 won
1693 3532 1725 3565 a
1763 3520 1978 3565 decisive
2018 3524 2230 3579 victory.
2296 3532 2547 3577 pugnas:
2580 3533 2665 3567 see

1543 3596 1610 3630 on
1673 3589 1725 3631 2.
1757 3589 1804 3632 9-
1837 3589 2185 3642 triumphent
2250 3591 2456 3644 shortly
2488 3591 2667 3635 before

1544 3652 1644 3696 this
1671 3654 1846 3698 Caesar
1872 3656 1971 3700 had
2012 3657 2225 3712 enjoyed
2252 3670 2284 3704 a
2312 3658 2529 3703 tourtold
2574 3657 2667 3700 tri-

1543 3719 1700 3773 umph
1719 3722 1796 3764 for
1812 3723 2041 3768 victories
2058 3735 2170 3768 won
2187 3725 2241 3769 in
2258 3726 2488 3771 different
2507 3735 2667 3777 quar-

1544 3788 1645 3829 ters
1666 3787 1719 3830 01
1740 3788 1826 3831 the
1847 3789 2016 3840 world.
2039 3791 2140 3834 and
2162 3791 2265 3836 this
2284 3804 2350 3838 110
2371 3794 2532 3837 doubt
2556 3801 2665 3836 was

1544 3852 1598 3895 in
1611 3852 1698 3896 the
1711 3854 1874 3897 11111168
1887 3855 1940 3899 ot
1953 3855 2037 3902 all.
