2913 4338
272 267 399 330 310
1025 269 1175 324 PRO
1233 270 1300 336 Q.
1358 269 1674 324 LIGARIO
1731 269 2013 324 ORATIO

372 442 704 506 invitabat
712 463 729 519 ;
815 462 983 521 quae
1017 448 1241 506 tamen
1273 440 1621 508 crudelitas
1655 444 1738 508 ab
1773 444 1892 507 hoc
1927 444 2155 506 eodem
2189 440 2439 524 aliquot
2475 453 2667 508 annis

371 547 542 623 post,
578 561 772 621 quem
806 546 883 604 tsi
914 561 1086 605 nunc
1121 542 1443 606 crudelem
1476 562 1613 606 esse
1646 552 1765 620 vis,
1802 543 2134 606 vindicata
2164 549 2281 605 est.

451 641 514 705 5.
561 642 577 670 ‘
593 643 732 722 Ego
788 650 943 704 vero
996 641 1174 704 istud
1228 652 1362 704 non
1414 641 1717 722 postulo,’
1775 643 2044 722 inquies,
2134 644 2242 705 Ita
2295 643 2666 708 mehercule

368 741 692 818 existimo,
737 741 1013 804 Tubero.
1103 741 1276 803 Novi
1317 742 1491 803 enim
1534 748 1621 818 te,
1667 751 1824 805 novi
1866 748 2139 823 patrem,
2186 751 2343 805 novi
2386 743 2659 808 domum

367 851 737 920 nomenque
775 846 1094 918 vestrum;
1178 841 1398 905 studia
1434 842 1683 921 generis
1723 863 1796 905 ac
1837 842 2118 906 familiae
2156 849 2412 906 vestrae
2452 843 2664 906 virtu-

367 941 474 1018 tis,
516 940 965 1017 humanitem,
1007 942 1359 1018 doctrinae,
1398 940 1824 1022 plurimarum
1864 942 2102 1004 artium
2142 944 2341 1023 atque
2377 943 2664 1024 optima-

304 1060 338 1104 5
368 1062 514 1105 rum
553 1047 714 1103 nota
751 1041 911 1104 mihi
947 1047 1102 1104 sunt
1138 1040 1374 1105 omnia.
1465 1043 1702 1122 Itaque
1739 1048 1915 1105 certo
1951 1042 2083 1106 scio
2118 1052 2236 1105 vos
2271 1052 2405 1106 non
2439 1049 2666 1124 petere
2687 1047 2759 1107 13

366 1141 768 1222 sanguinem,
807 1142 921 1204 sed
954 1161 1187 1221 parum
1224 1142 1583 1205 attenditis.
1674 1143 1806 1206 Res
1837 1143 2011 1206 enim
2044 1153 2122 1206 eo
2155 1148 2432 1224 spectat,
2471 1149 2550 1206 ut
2584 1153 2666 1207 ea

367 1251 598 1323 poena,
624 1241 693 1303 in
715 1251 850 1321 qua
871 1241 1083 1305 adhuc
1107 1241 1182 1318 Q.
1212 1241 1504 1321 Ligarius
1525 1242 1630 1319 sit,
1654 1251 1790 1305 non
1811 1243 2163 1306 videamini
2183 1263 2319 1305 esse
2343 1249 2660 1307 contenti.

368 1340 550 1419 Quae
594 1346 697 1405 est
739 1341 938 1422 igitur
983 1341 1110 1404 alia
1153 1347 1410 1422 praeter
1455 1345 1772 1406 mortem?
1854 1344 1923 1408 Si
1966 1343 2139 1405 enim
2184 1349 2283 1406 est
2327 1343 2397 1404 in
2441 1343 2660 1419 exilio,

365 1446 560 1505 sicuti
603 1445 723 1518 est,
771 1440 931 1520 quid
976 1440 1253 1521 amplius
1296 1442 1683 1522 postulatis?
1767 1462 1854 1506 an
1894 1453 1978 1506 ne
2020 1442 2429 1523 ignoscatur?
2515 1445 2664 1507 Hoc

271 1559 336 1602 ιο
367 1550 521 1604 vero
562 1540 771 1603 multo
812 1540 1104 1604 acerbius
1142 1542 1481 1623 multoque
1517 1548 1619 1605 est
1658 1542 1899 1605 durius.
1988 1543 2179 1620 Quod
2216 1553 2335 1605 nos
2372 1544 2667 1624 petimus

298 1678 304 1684 ·
364 1642 683 1720 precibu8‚
738 1640 1037 1717 lacrimIS‚
1091 1647 1285 1704 strati
1335 1642 1420 1704 ad
1469 1642 1686 1722 pedeS‚
1739 1652 1874 1704 non
1922 1649 2063 1706 tam
2113 1649 2374 1706 nostrae
2426 1663 2667 1706 causae

366 1740 646 1804 fidentes
674 1761 875 1819 quam
904 1740 1096 1802 huius
1124 1741 1541 1818 humanitati,
1572 1741 1640 1804 id
1667 1752 1751 1806 ne
1777 1742 2217 1822 impetremuS‚
2248 1744 2667 1823 oppugnabis

364 1846 434 1903 et
473 1839 542 1901 in
580 1846 876 1904 nostrum
919 1840 1144 1903 fletum
1186 1840 1517 1921 inrumpes
1556 1847 1625 1905 et
1663 1852 1783 1904 nos
1822 1841 2104 1905 iacentes
2144 1843 2230 1905 ad
2268 1843 2469 1923 pedes
2509 1863 2668 1924 sup-

365 1939 607 2019 plicum
652 1949 812 2003 voce
853 1940 1263 2020 prohibebis?
1348 1942 1434 2016 SI,
1481 1961 1630 2004 cum
1673 1940 1794 2004 hoc
1839 1942 2017 2005 domi
2058 1941 2436 2019 faceremuS,
2482 1944 2669 2022 quod
2689 1946 2763 2008 14

272 2057 334 2099 ιε
365 2046 434 2102 et
469 2039 740 2102 fecimus
773 2045 859 2115 et,
898 2046 975 2103 ut
1007 2049 1213 2121 spero,
1250 2050 1385 2102 non
1416 2040 1663 2103 frustra
1694 2040 1982 2117 fecimu8‚
2019 2047 2094 2104 tsi
2127 2049 2396 2123 repente
2429 2042 2668 2106 inruis-

364 2149 465 2203 ses
523 2146 591 2203 et
636 2139 929 2203 'clamare
1004 2139 1345 2221 coepisses:
1432 2140 1531 2204 Ὀ.
1581 2141 1832 2217 Caesar,
1899 2150 2059 2205 cave
2117 2141 2433 2221 ignoscas,
2500 2153 2667 2209 cave

365 2246 434 2302 te
478 2241 758 2302 fratrum
803 2250 922 2320 pro
966 2240 1186 2303 fratris
1230 2241 1441 2303 salute
1486 2241 1967 2303 obsecrantium
2026 2241 2384 2305 misereati'
2443 2253 2667 2307 nonne

369 2359 629 2404 omnem
686 2338 1166 2402 humanitatem
1231 2340 1554 2403 exuisses?
1671 2340 1936 2416 Quanto
1993 2339 2114 2404 hoc
2170 2341 2415 2419 durius,
2481 2344 2665 2424 quod

365 2449 484 2501 nos
560 2438 738 2502 domi
811 2438 1116 2518 petimus,
1191 2439 1260 2502 id
1334 2445 1403 2503 te
1487 2439 1557 2501 in
1642 2439 1783 2502 foro
1849 2450 2225 2520 oppugnare
2292 2447 2363 2505 et
2418 2442 2489 2504 in
2546 2444 2665 2506 tali

268 2557 333 2599 20
365 2538 621 2600 miseria
693 2539 1048 2601 multorum
1118 2539 1487 2619 perfugium
1561 2538 2031 2604 misericordiae
2090 2541 2340 2604 tollere!
2429 2544 2663 2606 Dicam

367 2732 543 2775 Caesar
571 2730 670 2774 and
699 2729 986 2782 strengthen
1014 2730 1090 2774 his
1118 2732 1244 2783 good
1272 2732 1370 2776 will
1398 2732 1470 2785 by

365 2799 674 2849 contrasting
715 2797 791 2840 his
834 2798 1084 2852 clemency
1126 2799 1247 2842 with
1292 2800 1470 2843 Sulla’s

364 2866 588 2918 ferocity.

431 2935 505 2976 23.
541 2932 613 2975 ab
641 2932 747 2975 hoc
874 2961 889 2976 .
916 2932 1206 2976 vindicata
1233 2933 1342 2977 est:
1397 2932 1468 2986 by

367 2999 556 3048 Caesar,
593 3000 702 3042 who
735 2998 786 3042 in
821 3001 883 3042 64
915 2999 1115 3042 secured
1147 2999 1234 3042 the
1268 3000 1468 3052 punish-

365 3069 501 3108 ment
548 3067 621 3115 (as
659 3066 915 3116 assassins)
954 3066 1007 3109 of
1043 3077 1178 3109 some
1214 3066 1324 3109 who
1362 3066 1462 3109 had

365 3132 544 3175 earned
568 3132 653 3175 the
675 3132 887 3176 rewards
909 3132 1209 3177 mentioned.

430 3261 484 3313 5.
520 3267 564 3310 3.
586 3266 801 3310 studia:
838 3266 960 3309 ‘zeal
982 3266 1376 3310 ror’—modffied
1397 3267 1468 3320 by

366 3331 454 3375 the
509 3333 778 3384 possessive
834 3333 1072 3383 genitives
1127 3334 1311 3385 veneris
1366 3334 1465 3376 and

364 3397 582 3449 familiae
614 3400 800 3449 vestrae.
838 3398 937 3442 and
973 3399 1042 3452 by
1076 3398 1163 3443 the
1196 3399 1468 3450 objectives

365 3466 554 3508 ttirtutis
583 3496 595 3508 .
626 3497 637 3509 .
668 3497 680 3509 .
709 3466 901 3510 artium.

431 3534 476 3575 5.
509 3540 632 3575 vos:
692 3532 946 3583 including
970 3532 1205 3576 Tubero’s
1223 3532 1465 3576 kinsmen.

430 3600 475 3642 6.
509 3606 713 3649 parum
744 3599 1065 3644 attenditisz
1128 3599 1248 3652 ‘you
1280 3599 1345 3642 do
1376 3603 1465 3642 not

364 3664 479 3707 look
527 3665 761 3716 caretully
808 3665 1034 3716 enough!
1114 3674 1179 3708 οο
1224 3666 1467 3717 spectat:

370 3730 476 3773 ‘the
512 3733 693 3773 matter
727 3731 893 3783 points
927 3735 981 3774 to
1016 3731 1115 3774 this
1148 3731 1467 3781 conclusion,’

372 3796 625 3849 explained
659 3796 728 3849 by
760 3797 846 3840 the
877 3797 1188 3840 substantive
1219 3797 1383 3840 clause
1415 3798 1467 3841 of

379 3862 534 3912 ‘esum
564 3863 613 3904 ut
639 3893 651 3906 .
679 3893 692 3906 .
719 3894 731 3906 .
757 3873 855 3905 non
878 3862 1152 3906 videamini.

1623 2730 1732 2776 You
1755 2731 1871 2775 ruah
1895 2731 1964 2782 in.
1992 2732 2185 2781 Tubero.
2207 2734 2307 2777 and
2323 2744 2420 2785 cry,
2445 2733 2657 2786 ‘Cae-sm.

1554 2799 1683 2842 (1οηί
1725 2799 1903 2851 forqive
1946 2798 2083 2843 himl’
2154 2799 2270 2843 This
2313 2801 2360 2844 is
2405 2802 2657 2846 inhumari.

1556 2864 1773 2908 Gaesar'e
1805 2875 1958 2918 mercy
1991 2865 2080 2909 has
2115 2863 2324 2919 inclined
2356 2867 2435 2911 hie
2467 2868 2656 2921 ποιων,

1558 2932 1785 2983 §513-16.

1618 3001 1661 3043 9.
1694 2999 2045 3051 igno-catur:
2092 3000 2523 3052 impersonal—sc.
2550 3003 2608 3047 ei.

1620 3068 1692 3110 11.
1727 3066 1800 3110 ad
1824 3066 2013 3118 pedes:
2063 3077 2130 3110 sc.
2158 3065 2374 3113 Caesari.
2433 3078 2658 3115 causae:

1551 3144 1632 3176 see
1651 3142 1717 3174 on
1744 3133 1823 3176 10.
1850 3134 1895 3177 7.

1619 3202 1692 3250 13,
1718 3201 1791 3243 14.
1825 3199 2149 3252 supplicum
2191 3209 2352 3247 voce:
2438 3214 2660 3255 express-

1550 3267 1637 3318 ing
1680 3276 1885 3309 manner
1917 3266 2039 3310 with
2084 3267 2303 3313 iacentes,
2371 3269 2547 3314 dom:
2610 3270 2658 3313 lt

1552 3333 1593 3375 is
1628 3333 1734 3375 said
1771 3332 1882 3376 that
1919 3333 2087 3377 Cicero
2120 3333 2222 3377 had
2258 3334 2459 3390 already
2489 3336 2586 3379 had
2626 3349 2662 3380 a

1553 3400 1747 3452 private
1782 3399 2037 3444 Interview
2076 3411 2143 3443 on
2180 3401 2268 3445 the
2304 3403 2494 3454 subject
2532 3403 2661 3447 with

1553 3466 1729 3509 Caesar
1750 3469 1803 3509 at
1826 3465 1902 3508 his
1924 3466 2088 3511 home.
2143 3468 2320 3519 quod}
2364 3469 2659 3514 antecedent

1550 3533 1594 3575 is
1625 3532 1710 3576 the
1739 3532 1953 3584 thought
1985 3534 2037 3577 or
2068 3533 2155 3578 the
2185 3535 2446 3588 preceding
2472 3536 2660 3582 clause.

1619 3601 1787 3643 16—20.
1822 3608 1957 3644 cave
1981 3600 2266 3652 mnenon:
2321 3602 2405 3646 ‘do
2429 3605 2514 3645 not
2540 3614 2663 3656 par-

1553 3665 1652 3709 don
1689 3665 1817 3710 him’
1860 3668 1961 3716 (see
1998 3669 2057 3712 A.
2098 3670 2213 3719 450;
2251 3669 2311 3713 B.
2351 3672 2452 3720 276.
2492 3669 2543 3718 b:
2585 3670 2660 3716 Η.

1553 3735 1659 3784 561,
1682 3735 1731 3782 2;
1754 3733 1902 3778 Η.-Β.
1924 3736 2032 3785 501.
2054 3736 2099 3785 3,
2122 3746 2167 3786 a.
2190 3735 2261 3787 2).
2313 3736 2371 3781 tc
2386 3735 2662 3782 fratrum:

1553 3810 1632 3841 see
1658 3801 1717 3845 A.
1745 3802 1854 3851 354.
1884 3801 1938 3850 b;
1967 3802 2025 3846 B.
2054 3804 2162 3853 209.
2196 3805 2244 3853 1:
2272 3804 2338 3848 H.
2367 3806 2472 3852 457:
2499 3803 2660 3851 11.-Β.

1553 3868 1660 3916 352.
1698 3869 1740 3911 1.
1804 3868 2071 3912 uulnus:
2138 3869 2324 3914 ‘would
2355 3882 2450 3924 you
2477 3873 2566 3913 not
2604 3873 2662 3917 in
