2913 4338
1075 263 1233 319 cAP.
1295 265 1345 329 1,
1403 257 1482 339 gg
1535 264 1638 319 1-3
2482 256 2605 328 289

190 454 511 518 quaeque
551 441 875 513 sentirem,
920 444 1066 498 meo
1105 435 1382 517 pristino
1423 443 1603 498 more
1644 434 1916 499 dicendi.
2003 436 2290 502 Tantam
2329 438 2504 502 enim

126 554 157 600 ³
192 535 803 612 mansuetudinem,
866 539 1007 597 tam
1067 534 1453 597 inusitatam
1514 533 2011 616 inauditamque
2071 536 2503 616 clementiam,

187 641 480 699 tantum
511 635 579 695 in
610 643 869 697 summa
897 639 1228 715 potestate
1257 643 1475 698 rerum
1505 634 1798 698 omnium
1830 634 2121 713 modum,
2154 642 2294 700 tam
2327 636 2505 703 deni-

185 755 332 818 que
366 733 811 800 incredibilem
845 734 1233 814 sapientiam
1267 753 1344 798 ac
1374 753 1584 816 paene
1617 734 1909 798 divinam
1942 735 2185 800 tacitus
2214 743 2502 819 praeter-

183 844 287 900 ire
330 835 516 898 nullo
556 833 752 899 modo
789 854 1074 915 possum.
1163 834 1250 896 M.
1290 833 1466 898 enim
1506 833 1807 898 Marcello
1845 835 2050 912 vobis,
2090 841 2312 918 patres
2349 846 2502 902 con·
2518 841 2561 904 2

184 940 451 1016 scripti,
477 944 697 1015 reique
720 934 1020 1015 publicae
1041 933 1299 997 reddito
1321 943 1454 996 non
1477 933 1648 997 illius
1670 934 1901 1012 solum,
1925 934 2041 999 sed
2061 936 2262 999 etiam
2286 957 2500 1000 meam

101 1055 155 1098 ιο
186 1045 437 1102 vocem
471 1039 541 1098 et
574 1034 1037 1098 auctoritatem
1069 1038 1139 1096 et
1172 1034 1360 1097 vobis
1391 1038 1463 1098 et
1493 1042 1588 1097 rei
1622 1033 1921 1116 publicae
1948 1042 2400 1100 conservatam
2427 1059 2503 1101 ac

186 1137 584 1200 restitutam
638 1138 823 1216 puto.
896 1133 1229 1198 »Dolebam
1283 1132 1480 1210 enim,
1535 1139 1758 1215 patres
1799 1141 2166 1217 conscripti,
2209 1142 2281 1200 et
2312 1135 2506 1200 vehe-

185 1240 461 1298 menter
495 1235 777 1314 angebar
812 1233 1024 1297 virum
1063 1233 1281 1310 talem,
1321 1253 1472 1297 cum
1507 1232 1577 1295 in
1610 1233 1839 1298 eadem
1876 1244 2075 1300 causa
2106 1234 2175 1298 in
2209 1245 2345 1319 qua
2377 1255 2495 1318 ego

185 1334 456 1410 fuisset,
487 1344 618 1397 non
644 1333 713 1396 in
740 1333 969 1398 eadem
999 1353 1136 1397 esse
1164 1333 1432 1397 fortuna
1458 1353 1575 1397 nec
1606 1334 1765 1396 mihi
1791 1334 2178 1416 persuadere
2202 1342 2500 1418 poteram

185 1454 316 1498 nec
354 1434 459 1497 fas
490 1453 626 1497 esse
661 1433 979 1498 ducebam
1015 1442 1257 1496 versari
1290 1443 1395 1498 me
1427 1433 1497 1495 in
1530 1439 1756 1498 nostro
1783 1441 2001 1499 vetere
2028 1435 2367 1518 curriculo,
2393 1435 2505 1500 ino

99 1553 156 1597 15
188 1533 463 1598 aemulo
503 1538 702 1614 atque
741 1533 1072 1597 imitatore
1112 1532 1478 1596 studiorum
1521 1554 1596 1597 ac
1636 1534 1935 1598 laborum
1975 1544 2269 1599 meorum
2308 1535 2498 1619 quasi

188 1633 493 1716 quodam
535 1634 709 1698 socio
753 1641 796 1697 a
836 1642 942 1698 me
983 1638 1052 1696 et
1095 1632 1335 1697 comite
1378 1632 1711 1697 distracto.
1800 1635 1974 1714 Ergo
2013 1639 2084 1698 et
2125 1634 2287 1697 mihi
2321 1655 2503 1699 meae

186 1733 516 1815 pristinae
546 1739 725 1796 vitae
756 1732 1313 1809 consuetudinem,
1345 1733 1414 1796 C.
1450 1734 1703 1810 Caesar,
1735 1732 2155 1798 interclusam
2186 1736 2500 1817 aperuisti

187 1839 261 1897 et
308 1832 414 1896 his
457 1833 761 1897 omnibus
802 1833 889 1896 ad
929 1834 1095 1897 bene
1137 1831 1221 1897 de
1260 1840 1441 1895 omni
1482 1843 1552 1897 re
1591 1833 1857 1915 publica
1890 1834 2287 1915 sperandum
2313 1835 2500 1916 quasi

188 1942 461 2014 signum
506 1932 769 2013 aliquod
811 1931 1152 1995 sustulisti.
1242 1932 1660 1996 Intellectum
1701 1939 1803 1997 est
1843 1933 2018 1997 enim
2053 1933 2213 1997 mihi
2233 1934 2498 2016 quidem
2512 1937 2558 2000 3

96 2050 160 2096 so
187 2033 261 2095 in
300 2032 532 2095 multis
583 2037 653 2095 et
707 2040 1016 2096 maxume
1068 2030 1137 2094 in
1192 2040 1298 2096 me
1350 2031 1513 2114 ipso,
1550 2031 1666 2096 sed
1717 2033 1918 2114 paulo
1971 2039 2127 2098 ante
2178 2035 2500 2112 omnibus,

189 2152 350 2198 cum
407 2132 491 2197 M.
549 2131 921 2197 Marcellum
975 2136 1231 2195 senatui
1281 2141 1502 2213 reique
1550 2132 1849 2213 publicae
1900 2134 2273 2205 concessisti
2324 2154 2495 2199 com-

267 2328 315 2368 4.
350 2332 496 2376 quae
532 2353 547 2368 .
584 2353 599 2368 .
636 2353 652 2367 .
685 2321 928 2367 dicendi:
973 2321 1047 2365 ‘oi
1090 2332 1308 2375 express·
1396 2322 1420 2364 Ι
1441 2321 1585 2366 think
1605 2323 1644 2367 it
1667 2322 1832 2374 right,’
1852 2324 1945 2373 i.e..
1970 2323 1992 2366 1
2023 2336 2124 2368 was
2153 2324 2385 2369 ashamed
2411 2324 2493 2377 (01.

197 2393 289 2443 ing
308 2392 361 2434 in
382 2402 469 2444 my
490 2391 669 2434 former
689 2390 881 2433 tashion
904 2400 991 2442 my
1011 2388 1190 2432 desires
1209 2389 1308 2431 and

200 2469 292 2511 my
314 2458 463 2502 views
482 2468 548 2501 on
585 2457 753 2511 public
778 2456 1002 2500 matters'
1038 2456 1176 2510 (quae
1204 2467 1311 2499 sen-

198 2526 342 2569 tirem
361 2544 405 2559 -
425 2522 745 2574 sententiam).

267 2593 318 2635 6.
348 2599 542 2635 rerum
575 2619 591 2634 .
626 2619 642 2635 .
681 2617 698 2634 .
739 2588 1001 2634 modium
1063 2587 1311 2633 ‘seu-con-

200 2658 302 2703 trol
340 2657 394 2701 in
431 2656 496 2701 all
531 2656 772 2701 matters.'
837 2656 943 2700 The
973 2657 1229 2708 1010101100,
1257 2655 1310 2698 01

201 2735 392 2776 course.
415 2723 458 2768 is
478 2727 532 2767 to
556 2722 776 2769 oaoears
795 2723 1009 2775 waiving
1029 2722 1081 2766 01
1100 2722 1178 2765 his
1198 2732 1309 2765 own

203 2790 412 2843 feelings
458 2790 512 2834 111
559 2789 814 2834 deterence
860 2791 917 2833 to
964 2788 1052 2833 the
1099 2788 1310 2834 senate’s

202 2858 402 2904 wishes.

269 2925 318 2969 8.
351 2922 615 2969 mucello
643 2953 659 2968 .
681 2953 697 2968 .
720 2953 735 2968 .
751 2922 993 2968 reddito:
1042 2921 1141 2967 abl.
1167 2922 1310 2966 abso-

201 2989 325 3041 lute,
342 2990 436 3035 but
452 2993 515 3035 tr.
535 2990 627 3043 ‘by
659 2990 746 3034 the
778 2990 1074 3034 restoration
1099 2990 1152 3034 01
1183 2990 1310 3033 Mar-

205 3057 392 3102 cellus!
454 3057 637 3101 vobis:
669 3059 725 3101 to
751 3055 827 3099 his
854 3054 935 3099 old
964 3055 1103 3110 place
1129 3067 1311 3107 among

207 3135 308 3177 you
322 3127 634 3168 asasenator
656 3120 995 3174 (somatum.
1028 3123 1129 3175 21).

275 3192 349 3234 11.
383 3189 666 3235 dolebam:
696 3190 761 3234 01.
795 3184 995 3240 doloro.
1024 3190 1059 3234 1.
1089 3191 1134 3243 2,
1164 3190 1310 3242 given

207 3268 263 3300 as
281 3268 377 3301 one
396 3241 448 3300 0¹1
466 3256 552 3301 the
569 3266 768 3300 reasons
787 3257 863 3299 101
881 3256 958 3300 his
976 3256 1096 3308 long
1115 3256 1307 3301 silence.

275 3326 348 3368 12.
381 3324 596 3368 virumt
651 3322 843 3373 subject
862 3322 915 3366 01
930 3334 1040 3373 esse,
1058 3327 1178 3367 next
1194 3324 1306 3368 line.

206 3390 408 3435 eadem
427 3398 619 3434 causa:
649 3389 745 3439 Le..
759 3389 978 3443 opposed
995 3391 1237 3434 tocacsar
1256 3391 1308 3433 in

205 3457 293 3501 the
329 3456 445 3501 civil
481 3467 597 3502 war.
663 3456 828 3500 Cicero
864 3456 965 3500 had
1003 3456 1127 3500 been
1165 3457 1242 3500 101·
1277 3468 1308 3500 a

205 3523 328 3567 time
341 3522 463 3567 with
478 3522 742 3577 Pompey’s
755 3532 912 3575 army,
928 3521 1120 3574 though
1133 3521 1196 3566 he
1209 3534 1309 3566 was

206 3594 295 3633 not
326 3592 521 3643 present
551 3592 607 3633 at
639 3589 728 3633 the
756 3587 916 3633 battle
942 3588 997 3632 01
1028 3587 1306 3634 Pharsalus.

202 3655 400 3708 inqua
412 3663 537 3709 oto:
569 3667 636 3701 sc.
650 3656 866 3710 tuissent.

271 3724 346 3768 13.
380 3724 578 3767 eadem
595 3722 854 3768 tortunaz
900 3720 980 3768 i.e.
1000 3720 1055 3767 ln
1075 3721 1310 3777 enjoying

204 3788 294 3834 the
305 3789 617 3840 conqueror’s
630 3789 898 3843 clemona!-

270 3857 441 3901 14-10.
472 3864 576 3902 nse
601 3884 618 3902 .
653 3885 670 3902 .
698 3884 717 3901 .
738 3855 1040 3904 ducemne
1073 3855 1187 3901 ‘nor
1220 3856 1307 3901 did

1395 2391 1685 2441 verecundia.
1731 2391 1766 2433 l.
1809 2391 1878 2441 2).
1953 2392 2139 2435 vetere
2199 2391 2497 2440 curriculos

1398 2455 1505 2499 ‘the
1525 2456 1608 2500 old
1628 2456 1792 2500 arena'
1816 2459 1869 2501 01
1889 2456 2057 2510 public
2074 2458 2161 2502 1110
2180 2458 2280 2501 and
2303 2459 2495 2512 speech.

1394 2521 1493 2566 1110
1530 2552 1545 2567 .
1581 2551 1596 2566 .
1632 2550 1648 2567 .
1680 2523 1972 2568 «1111100101
2004 2527 2070 2569 11.
2096 2523 2259 2568 ‘when
2280 2526 2377 2576 ne:
2398 2528 2495 2571 etc.

1395 2587 1716 2633 studiorum
1730 2598 1794 2634 ac
1811 2588 2096 2635 laborum:
2123 2589 2497 2645 ‘philosophica

1394 2656 1582 2699 studies
1603 2655 1704 2699 and
1724 2655 1983 2700 oratorical
2004 2656 2207 2709 efforts?
2226 2658 2279 2701 in
2300 2656 2424 2702 both
2441 2657 2497 2703 01

1395 2721 1555 2765 which
1573 2721 1828 2766 Marcellus
1846 2733 1946 2766 was
1963 2724 2127 2767 active
2143 2723 2242 2768 and
2260 2727 2497 2770 eminent.

1461 2791 1533 2839 17.
1564 2789 1637 2832 18.
1698 2789 1914 2836 cauare
2000 2789 2103 2835 The
2151 2792 2354 2844 speaker
2381 2790 2497 2835 11010

1396 2858 1537 2898 turns
1572 2855 1698 2900 110111
1744 2856 1830 2899 1110
1869 2860 2095 2900 senators
2130 2857 2188 2907 (1.
2219 2858 2267 2909 1)
2307 2860 2361 2901 10
2407 2856 2497 2902 tho

1396 2923 1609 2966 dictator
1663 2922 1872 2967 1111110011.
1950 2922 2063 2968 huz
2122 2922 2209 2967 the
2255 2926 2495 2969 senators.

1397 2990 1470 3033 ad
1506 3018 1521 3033 .
1557 3018 1572 3034 .
1609 3018 1624 3034 .
1651 2987 2018 3041 sperandum:
2090 2988 2189 3034 ’101
2223 2988 2498 3045 cherishing

1395 3055 1521 3106 good
1546 3054 1674 3109 hope
1699 3056 1777 3099 101·
1803 3055 1890 3100 the
1919 3054 2116 3108 general
2140 3056 2297 3101 weal!

1462 3124 1533 3166 19.
1567 3123 1823 3174 uenum:
1925 3120 2221 3173 'standard.’
2285 3119 2497 3176 ‘signah’

1396 3189 1525 3232 Note
1543 3189 1628 3232 the
1648 3188 1984 3239 qualification
2001 3188 2053 3231 01
2069 3186 2157 3232 1110
2171 3191 2295 3232 101111
2312 3188 2380 3242 by
2395 3190 2497 3233 two

1394 3255 1565 3306 words,
1606 3254 1746 3307 quaa·
1788 3254 1887 3299 and
1929 3254 2124 3307 almuod
2169 3253 2249 3306 (01.
2279 3256 2497 3308 quodam.

1394 3322 1426 3364 l.
1460 3322 1554 3373 16),
1583 3320 1891 3376 apologizing
1916 3320 1995 3365 101·
2022 3320 2112 3366 1110
2135 3332 2223 3366 use
2246 3322 2298 3365 01
2322 3332 2353 3366 a
2377 3319 2498 3366 bold

1393 3391 1561 3440 figure.

1455 3458 1533 3500 20.
1565 3454 1629 3499 111
1647 3454 1870 3500 multis:
1905 3454 1980 3499 ‘in
2006 3454 2094 3500 the
2115 3464 2229 3499 case
2252 3455 2304 3499 01
2325 3453 2498 3509 many’

1392 3524 1445 3566 01
1474 3532 1598 3576 your
1625 3526 1925 3576 opponents:
1954 3533 2008 3565 so
2035 3513 2093 3565 i‘n
2119 3532 2194 3566 mc
2218 3522 2326 3574 ipso
2398 3521 2497 3567 sod

1393 3587 1566 3642 paulo
1596 3590 1730 3633 ante
1763 3588 2049 3633 omnibust
2084 3589 2154 3632 ‘It
2186 3600 2287 3632 was
2315 3588 2495 3632 known

1394 3660 1447 3701 to
1480 3665 1562 3699 mc
1593 3654 1773 3706 betore,
1811 3656 1903 3700 but
1944 3656 2165 3706 (became
2203 3654 2405 3706 known)
2441 3661 2495 3698 to

1393 3721 1459 3767 all
1474 3734 1505 3766 a
1517 3721 1648 3767 little
1660 3719 1805 3766 while
1818 3721 1945 3773 ago!

1456 3791 1629 3834 21-24.
1661 3789 2116 3833 commemoratis
2153 3818 2168 3834 .
2210 3817 2227 3834 .
2262 3817 2278 3833 .
2321 3785 2498 3832 onon·

1392 3855 1670 3902 sionibus:
1702 3854 1765 3899 In
1777 3865 1811 3897 a
1829 3854 1976 3901 letter
1993 3856 2151 3906 (Fam.
2166 3858 2194 3899 4
2224 3855 2293 3907 4).
2317 3858 2372 3898 10
2390 3855 2477 3900 801·
