2913 4338
1005 300 1164 356 GAP.
1214 303 1401 368 13-14,
1446 297 1523 378 ἓξ
1571 306 1740 360 37·-41
2494 301 2619 363 203v

122 493 165 536 ,ε
197 474 417 540 modo
456 480 537 538 ut
574 481 913 556 sfimptum
952 475 1153 539 faciat
1191 476 1257 538 in
1300 477 1592 553 militem,
1635 477 1876 541 nemini
1915 487 2013 539 vis
2052 477 2361 552 adfertur,
2404 477 2517 541 sed

198 584 290 639 ne
342 575 640 655 cupienti
682 575 948 657 quidem
993 577 1297 657 cuiquam
1323 578 1762 657 permittitur.
1855 577 2104 639 Hiemis
2146 577 2339 653 enim,
2387 588 2520 640 nen

197 675 541 738 avaritiae
567 676 934 756 perfugium
962 678 1237 741 maieres
1264 684 1471 740 nostrl
1497 678 1562 739 in
1587 678 1908 740 vsocierum
1937 682 2136 756 atque
2164 679 2519 740 amicerum

200 783 413 840 tectis
444 795 582 838 esse
611 775 977 839 voluerunt.

292 875 409 940 14.
459 876 595 954 Age
649 885 823 952 vere,
883 882 1108 939 ceteris
1161 877 1228 938 in
1282 879 1474 942 rebus
1528 888 1660 958 qua
1713 878 1800 941 sit
1853 878 2308 957 temperantia,
2368 888 2517 941 cen·
2534 878 2616 939 40

200 976 521 1038 siderate.
613 974 803 1037 Unde
841 974 1019 1037 illam
1057 982 1317 1039 tantam
1357 978 1753 1041 celeritatem
1793 985 1861 1041 et
1900 984 2038 1040 tam
2079 977 2518 1040 incredibilem

203 1095 482 1138 cursum
505 1076 851 1138 inventum
873 1076 1162 1155 putatis?
1249 1077 1398 1139 Nen
1419 1078 1592 1139 enim
1616 1077 1798 1139 illum
1816 1077 2060 1139 ‘eximia
2082 1087 2181 1139 vis
2204 1078 2519 1156 remigum

205 1180 340 1238 aut
390 1194 496 1237 ars
546 1175 846 1238 inaudita
893 1176 1218 1256 quaedam
1266 1177 1671 1255 gubernandI
1719 1182 1837 1240 aut
1885 1183 2069 1240 venti
2118 1177 2317 1257 aliqui
2366 1185 2520 1240 novi

139 1292 171 1334 5
206 1281 361 1338 tam
407 1274 699 1338 celeriter
740 1275 808 1337 in
849 1275 1116 1339 ultimas
1157 1282 1363 1338 terras
1403 1276 1831 1355 pertulerunt,
1876 1276 1991 1339 sed
2033 1296 2147 1338 eae
2188 1288 2308 1353 reS,
2352 1297 2521 1358 quae

209 1381 470 1438 ceteres
533 1383 842 1437 remorari
902 1375 1154 1451 solent‚'·
1199 1385 1332 1437 nen
1393 1376 1812 1438 retardarunt
1821 1396 1838 1451 ;
1901 1385 2034 1438 nen
2097 1378 2374 1439 avaritia
2436 1378 2518 1440 ab

208 1475 534 1538 institute
575 1484 766 1537 cursu
807 1474 891 1537 ad
930 1476 1242 1555 praedam
1283 1475 1570 1556 aliquam
1613 1475 1978 1552 devocavit,
2023 1485 2155 1538 nen
2194 1476 2394 1539 libide
2436 1476 2520 1539 ad

211 1574 658 1654 voluptatem,
682 1584 814 1636 nen
834 1576 1195 1638 amoenitas
1216 1575 1301 1638 ad
1323 1576 1840 1651 delectatienem,
1867 1585 1998 1637 nen
2018 1575 2325 1639 nebilitas
2344 1577 2523 1639 urbis

212 1673 303 1735 ad
339 1674 797 1753 cognitionem,
836 1684 969 1736 nen
1004 1674 1282 1755 denique
1316 1675 1501 1739 labor
1535 1675 1672 1754 ipse
1708 1674 1793 1737 ad
1829 1675 2143 1756 quietem3
2192 1683 2524 1755 postreme

119 1790 180 1832 ιο
215 1781 405 1853 signa
447 1779 519 1836 et
560 1773 822 1836 tabulas
863 1781 1206 1854 ceteraque
1248 1782 1634 1838 ernamenta
1674 1775 2066 1838 Graecarum
2109 1777 2518 1855 oppiderum,

215 1893 386 1953 quae
439 1879 640 1936 ceteri
675 1872 962 1936 tollenda
1009 1893 1147 1936 esse
1198 1875 1620 1951 arbitrantur,
1658 1894 1737 1937 ea
1786 1875 1908 1937 sibi
1959 1874 2064 1937 ille
2117 1885 2199 1938 ne
2253 1875 2522 1937 visenda

215 1973 487 2053 quidem
522 1972 945 2035 existimavit.
1035 1971 1270 2054 Itaque
1306 1984 1532 2037 omnes
1566 1995 1737 2037 nunc
1774 1975 1840 2035 in
1875 1975 1951 2035 iis
1983 1973 2140 2037 locis
2174 1977 2287 2039 Cn.
2327 1975 2613 2037 Pom-41

213 2073 436 2153 peium
487 2077 659 2134 sicut
706 2071 986 2152 aliquem
1033 2081 1165 2134 nen
1210 2093 1295 2134 ex
1338 2073 1461 2136 hac
1508 2075 1669 2136 urbe
1716 2074 2003 2150 missum,
2054 2074 2167 2137 sed
2215 2074 2295 2137 de
2343 2075 2519 2138 caele

221 2173 566 2253 delapsum
629 2172 993 2249 intuentur;
1054 2194 1226 2236 nunc
1290 2174 1569 2255 denique
1629 2175 1949 2254 incipiunt
2009 2176 2265 2239 credere
2325 2175 2520 2238 fuisse

124 2290 184 2332 15
216 2273 518 2336 homines
547 2272 881 2335 Remanes
909 2273 1029 2335 hac
1058 2272 1391 2353 quondam
1421 2274 1845 2351 continentia,
1876 2275 2051 2354 quod
2080 2276 2211 2337 iam
2240 2275 2520 2338 natieni-

215 2373 339 2435 bus
362 2366 623 2435 ‘exteris
660 2371 1029 2435 incredibile
1069 2393 1143 2434 ac
1183 2372 1347 2435 false
1385 2375 1735 2437 memoriae
1770 2374 2103 2453 preditum
2142 2375 2492 2438 videbatur
2500 2395 2517 2451 3

217 2492 391 2534 nunc
416 2472 673 2551 imperii
693 2477 894 2534 vestri
920 2472 1224 2551 splendor
1250 2472 1372 2534 illis
1398 2474 1704 2552 gentibus
1730 2474 1937 2536 lucem
1983 2474 2233 2536 adferre
2276 2475 2515 2554 coepit;

216 2629 368 2673 mood
421 2628 697 2672 accounted
747 2629 850 2672 for?
929 2636 1213 2673 sermones
1262 2638 1327 2673 ac

212 2696 470 2741 utterae:
530 2695 655 2738 ‘oral
683 2694 782 2739 and
809 2696 1007 2739 written
1035 2696 1259 2748 reports!

280 2764 457 2807 35—38.
492 2763 794 2813 sumptum
819 2761 1016 2806 iaciat:
1075 2764 1149 2805 ‘to
1177 2763 1323 2807 make

217 2827 581 2881 expenditure‚'
622 2829 715 2878 i.e.‚
758 2832 812 2872 to
851 2830 1132 2873 contribute
1157 2834 1210 2873 to
1236 2831 1322 2873 the

1416 2641 1473 2674 or
1490 2630 1773 2689 equivalent
1801 2630 2129 2681 subjunctive.
2201 2631 2516 2682 temperan-

1416 2698 1524 2742 tia:
1583 2696 1937 2740 ‘sels-control)

1480 2766 1526 2807 3.
1558 2764 1887 2807 inventum:
2001 2764 2289 2815 ‘acquired,’
2347 2765 2515 2810 ‘made

1417 2830 1662 2883 possible!
1721 2838 1836 2873 non
1865 2830 2144 2881 quaedam
2176 2861 2190 2875 .
2223 2860 2238 2875 .
2270 2860 2286 2874 .
2315 2831 2514 2883 aliqui:

217 2899 429 2948 support
472 2895 524 2938 01
565 2893 652 2938 the
691 2893 906 2939 soldiers.
979 2896 1196 2940 nomm
1236 2897 1322 2940 vis

219 2961 501 3006 animur:
544 2961 765 3013 ‘nobody
784 2961 826 3004 is
846 2962 1044 3005 forced!
1085 2962 1322 3006 Hiems:

224 3028 374 3071 ‘from
391 3028 479 3071 the
495 3027 702 3078 winter‚’
720 3028 979 3080 objective.
1029 3030 1322 3073 avarlflae:

222 3095 321 3138 ‘for
347 3094 576 3142 avarice.'
603 3094 891 3146 subjective.
950 3096 1187 3139 maiores
1217 3124 1233 3139 .
1262 3125 1276 3139 .
1306 3125 1321 3140 .

218 3160 554 3206 voluerunt:
657 3161 766 3204 ‘our
814 3161 1105 3205 forefathers
1153 3166 1320 3205 meant

220 3229 335 3272 that
379 3228 433 3270 ln
477 3227 565 3270 the
607 3225 776 3270 homes
817 3227 871 3270 of
912 3239 1002 3271 our
1045 3227 1180 3272 allies
1222 3228 1320 3271 and

218 3295 408 3338 friends
447 3295 587 3337 there
624 3292 801 3337 should
839 3292 933 3343 be,’
971 3299 1067 3338 etc.
1114 3296 1194 3344 (cf.
1235 3294 1325 3338 1v.

287 3494 557 3546 Especially
565 3493 906 3545 cell-restraint,
919 3493 1118 3545 dionitv,
1126 3495 1331 3538 human-

219 3561 305 3612 iue.
333 3561 567 3612 §540—42.

288 3623 379 3676 14.
412 3630 452 3671 1.
490 3627 630 3678 Ago:
676 3626 866 3676 ‘coma'
889 3627 975 3671 the
995 3628 1328 3680 anticipatory

217 3694 531 3746 imperative,
558 3693 679 3736 used
700 3694 751 3736 in
774 3694 859 3737 the
880 3694 1107 3745 singular,
1132 3694 1326 3744 regard-

1420 2898 1507 2940 ‘no
1562 2899 1639 2939 art
1695 2896 1912 2940 hitherto
1966 2897 2229 2949 unknown,
2285 2909 2353 2942 no
2405 2909 2513 2942 new

1417 2962 1606 3012 winds‚’
1640 2965 1733 3006 etc.

1404 3040 1410 3045 ·
1479 3032 1526 3074 8.
1560 3030 1897 3074 amoenitas:
1969 3030 2023 3074 in
2059 3031 2299 3074 reference
2336 3034 2391 3074 to
2427 3031 2514 3075 the

1416 3096 1640 3140 beauties
1680 3097 1733 3140 of
1774 3102 1970 3145 nature;
2012 3108 2079 3141 sc.
2123 3098 2342 3141 locorum.
2417 3106 2515 3141 no-

1419 3163 1631 3207 plutas:
1690 3163 1903 3205 ‘famous
1932 3162 2110 3207 name!

1484 3232 1556 3273 10.
1591 3230 1751 3280 signa
1781 3237 1838 3272 οι
1868 3229 2114 3274 tabulas:

1417 3296 1697 3348 paintings!

1483 3366 1556 3407 11.
1591 3362 1759 3405 ceteri
1790 3391 1804 3405 .
1835 3392 1850 3406 .
1881 3391 1896 3406 .
1923 3363 2294 3407 arbitrantur-2
2343 3365 2384 3408 it
2410 3376 2512 3409 was

1416 3440 1446 3471 a
1465 3440 1692 3471 common
1711 3429 1853 3480 thing
1869 3429 1943 3471 for
1963 3430 2157 3472 Roman
2175 3431 2512 3475 commanders

1417 3495 1516 3538 and
1540 3506 1802 3546 governors
1825 3499 1879 3538 to
1902 3507 2042 3548 carry
2065 3496 2192 3539 back
2214 3496 2359 3540 home
2380 3496 2513 3548 large

1417 3561 1696 3605 collections
1726 3562 1779 3604 of
1809 3562 1895 3605 the
1924 3562 2114 3612 objects
2144 3564 2196 3606 of
2228 3563 2385 3606 Greek
2415 3568 2511 3608 art.

1419 3628 1648 3671 Lucullus
1670 3628 1754 3670 did
1775 3639 1829 3670 so
1850 3628 2059 3673 himself.
2114 3630 2277 3672 Cicero
2298 3630 2339 3672 is
2360 3630 2513 3681 possi-

1416 3694 1501 3747 bly
1529 3694 1726 3745 hinting
1751 3698 1803 3738 at
1833 3694 1936 3737 him
1963 3695 2093 3740 here.
2154 3705 2242 3741 ea:
2296 3707 2511 3741 resumes

2173 3230 2185 3248 ⁸
2194 3233 2384 3275 statues
2410 3229 2512 3274 and

216 3760 315 3805 less
351 3761 405 3804 ot
445 3761 533 3805 the
572 3760 781 3804 number
819 3760 1093 3811 addressed‚
1135 3764 1192 3804 to
1230 3760 1323 3804 call
1413 3763 1566 3813 siena,
1600 3766 1709 3812 etc..
1742 3761 1775 3805 l.
1813 3763 1884 3804 10.

224 3829 473 3872 attention
499 3833 554 3871 to
579 3826 857 3878 something
877 3827 1029 3871 about
1055 3833 1109 3871 to
1132 3827 1196 3871 be
1218 3827 1323 3870 said

1481 3830 1646 3871 13-17.
1680 3829 1750 3871 de
1791 3827 1944 3871 caelo
1985 3828 2300 3880 delapsum:
2382 3840 2437 3873 as
2479 3840 2512 3873 a

224 3894 323 3939 aad
352 3894 551 3947 usually
585 3892 808 3938 followed
839 3893 908 3946 by
937 3906 1003 3938 an
1032 3894 1323 3947 imperative
1412 3893 1677 3945 demi-god.
1744 3893 1941 3939 tuisse:
2015 3897 2146 3940 ‘that
2185 3896 2321 3939 there
2357 3896 2511 3950 really
