<?xml version="1.0" encoding="UTF-8"?>
<!DOCTYPE html PUBLIC "-//W3C//DTD XHTML 1.0 Transitional//EN"
    "http://www.w3.org/TR/xhtml1/DTD/xhtml1-transitional.dtd">
<html xmlns="http://www.w3.org/1999/xhtml" xml:lang="en" lang="en">
 <head>
  <title>
</title>
<meta http-equiv="Content-Type" content="text/html;charset=utf-8" />
  <meta name='ocr-system' content='tesseract 3.04.00' />
  <meta name='ocr-capabilities' content='ocr_page ocr_carea ocr_par ocr_line ocrx_word'/>
</head>
<body>
  <div class='ocr_page' id='page_1' title='image "./selectedoration00kinggoog_0213.png"; bbox 0 0 2913 4338; ppageno 0'>
   <div class='ocr_carea' id='block_1_1' title="bbox 1075 276 2623 387">
    <p class='ocr_par' dir='ltr' id='par_1_1' title="bbox 1075 276 2623 387">
     <span class='ocr_line' id='line_1_1' title="bbox 1075 276 2623 387; baseline -0.001 -24"><span class='ocrx_word' id='word_1_1' title='bbox 1075 311 1230 364; x_wconf 77' lang='lat' dir='ltr'><strong>GAP.</strong></span> <span class='ocrx_word' id='word_1_2' title='bbox 1274 314 1327 377; x_wconf 86' lang='lat'><strong>9,</strong></span> <span class='ocrx_word' id='word_1_3' title='bbox 1371 276 1467 387; x_wconf 65' lang='lat' dir='ltr'><strong>§g</strong></span> <span class='ocrx_word' id='word_1_4' title='bbox 1495 317 1672 366; x_wconf 69' lang='lat'><strong>22-20</strong></span> <span class='ocrx_word' id='word_1_5' title='bbox 2505 311 2623 375; x_wconf 87' lang='lat'><strong>193</strong></span> 
     </span>
    </p>
   </div>
   <div class='ocr_carea' id='block_1_2' title="bbox 28 481 2614 2768">
    <p class='ocr_par' dir='ltr' id='par_1_2' title="bbox 28 481 2614 2768">
     <span class='ocr_line' id='line_1_2' title="bbox 233 481 2521 569; baseline 0.003 -24"><span class='ocrx_word' id='word_1_6' title='bbox 233 481 395 547; x_wconf 86' lang='lat' dir='ltr'><strong>Erat</strong></span> <span class='ocrx_word' id='word_1_7' title='bbox 418 484 591 547; x_wconf 91' lang='lat' dir='ltr'><strong>enim</strong></span> <span class='ocrx_word' id='word_1_8' title='bbox 615 491 829 548; x_wconf 89' lang='lat' dir='ltr'><strong>metus</strong></span> <span class='ocrx_word' id='word_1_9' title='bbox 851 485 1125 550; x_wconf 90' lang='lat' dir='ltr'><strong>iniectus</strong></span> <span class='ocrx_word' id='word_1_10' title='bbox 1147 485 1225 548; x_wconf 84' lang='lat' dir='ltr'><strong>iis</strong></span> <span class='ocrx_word' id='word_1_11' title='bbox 1247 485 1642 563; x_wconf 70' lang='lat' dir='ltr'><strong>notionibus,</strong></span> <span class='ocrx_word' id='word_1_12' title='bbox 1668 497 1833 568; x_wconf 72' lang='lat' dir='ltr'><strong>quas</strong></span> <span class='ocrx_word' id='word_1_13' title='bbox 1856 508 2215 569; x_wconf 86' lang='lat' dir='ltr'><strong>numquam</strong></span> <span class='ocrx_word' id='word_1_14' title='bbox 2239 489 2521 569; x_wconf 85' lang='lat' dir='ltr'><strong>populus</strong></span> 
     </span>
     <span class='ocr_line' id='line_1_3' title="bbox 137 585 2520 669; baseline 0.003 -24"><span class='ocrx_word' id='word_1_15' title='bbox 137 601 201 645; x_wconf 61' lang='grc' dir='ltr'><strong>πο</strong></span> <span class='ocrx_word' id='word_1_16' title='bbox 234 585 575 647; x_wconf 79' lang='lat' dir='ltr'><strong>Romanus</strong></span> <span class='ocrx_word' id='word_1_17' title='bbox 614 604 823 665; x_wconf 92' lang='lat' dir='ltr'><strong>neque</strong></span> <span class='ocrx_word' id='word_1_18' title='bbox 861 586 1267 650; x_wconf 78' lang='lat' dir='ltr'><strong>lacessendas</strong></span> <span class='ocrx_word' id='word_1_19' title='bbox 1305 585 1477 651; x_wconf 93' lang='lat' dir='ltr'><strong>bello</strong></span> <span class='ocrx_word' id='word_1_20' title='bbox 1516 606 1727 667; x_wconf 90' lang='lat' dir='ltr'><strong>neque</strong></span> <span class='ocrx_word' id='word_1_21' title='bbox 1767 587 2189 668; x_wconf 76' lang='lat' dir='ltr'><strong>temptandas</strong></span> <span class='ocrx_word' id='word_1_22' title='bbox 2226 589 2494 669; x_wconf 73' lang='lat' dir='ltr'><strong>putavit</strong></span> <span class='ocrx_word' id='word_1_23' title='bbox 2500 608 2520 667; x_wconf 80' lang='lat'><em>3</em></span> 
     </span>
     <span class='ocr_line' id='line_1_4' title="bbox 227 684 2522 769; baseline 0.002 -21"><span class='ocrx_word' id='word_1_24' title='bbox 227 690 370 748; x_wconf 88' lang='lat' dir='ltr'><strong>erat</strong></span> <span class='ocrx_word' id='word_1_25' title='bbox 420 685 622 747; x_wconf 91' lang='lat' dir='ltr'><strong>etiam</strong></span> <span class='ocrx_word' id='word_1_26' title='bbox 672 684 800 749; x_wconf 87' lang='lat' dir='ltr'><strong>alia</strong></span> <span class='ocrx_word' id='word_1_27' title='bbox 845 686 1063 766; x_wconf 86' lang='lat' dir='ltr'><strong>gravis</strong></span> <span class='ocrx_word' id='word_1_28' title='bbox 1111 690 1312 766; x_wconf 85' lang='lat' dir='ltr'><strong>atque</strong></span> <span class='ocrx_word' id='word_1_29' title='bbox 1361 686 1711 751; x_wconf 85' lang='lat' dir='ltr'><strong>vehemens</strong></span> <span class='ocrx_word' id='word_1_30' title='bbox 1757 686 1996 769; x_wconf 87' lang='lat' dir='ltr'><strong>opinio,</strong></span> <span class='ocrx_word' id='word_1_31' title='bbox 2049 707 2221 769; x_wconf 89' lang='lat' dir='ltr'><strong>quae</strong></span> <span class='ocrx_word' id='word_1_32' title='bbox 2269 689 2522 753; x_wconf 90' lang='lat' dir='ltr'><strong>animos</strong></span> 
     </span>
     <span class='ocr_line' id='line_1_5' title="bbox 224 785 2522 876; baseline 0.002 -29"><span class='ocrx_word' id='word_1_33' title='bbox 224 785 522 876; x_wconf 87' lang='lat' dir='ltr'><strong>gentium</strong></span> <span class='ocrx_word' id='word_1_34' title='bbox 559 785 986 851; x_wconf 79' lang='lat' dir='ltr'><strong>barbararum</strong></span> <span class='ocrx_word' id='word_1_35' title='bbox 1023 792 1420 868; x_wconf 74' lang='lat' dir='ltr'><strong>pervaserat,</strong></span> <span class='ocrx_word' id='word_1_36' title='bbox 1463 786 1602 849; x_wconf 75' lang='lat' dir='ltr'><strong>fani</strong></span> <span class='ocrx_word' id='word_1_37' title='bbox 1638 785 2128 868; x_wconf 61' lang='lat' dir='ltr'><strong>locupletissimi</strong></span> <span class='ocrx_word' id='word_1_38' title='bbox 2164 792 2235 851; x_wconf 92' lang='lat' dir='ltr'><strong>et</strong></span> <span class='ocrx_word' id='word_1_39' title='bbox 2270 787 2522 868; x_wconf 89' lang='lat' dir='ltr'><strong>religio-</strong></span> 
     </span>
     <span class='ocr_line' id='line_1_6' title="bbox 224 883 2519 966; baseline 0.002 -19"><span class='ocrx_word' id='word_1_40' title='bbox 224 886 463 947; x_wconf 85' lang='lat' dir='ltr'><strong>sissimi</strong></span> <span class='ocrx_word' id='word_1_41' title='bbox 514 883 856 966; x_wconf 84' lang='lat' dir='ltr'>diripiendi</span> <span class='ocrx_word' id='word_1_42' title='bbox 905 895 1103 949; x_wconf 75' lang='lat' dir='ltr'><strong>causa</strong></span> <span class='ocrx_word' id='word_1_43' title='bbox 1150 885 1220 948; x_wconf 92' lang='lat' dir='ltr'><strong>in</strong></span> <span class='ocrx_word' id='word_1_44' title='bbox 1269 896 1380 949; x_wconf 72' lang='lat' dir='ltr'><strong>eas</strong></span> <span class='ocrx_word' id='word_1_45' title='bbox 1431 895 1578 949; x_wconf 72' lang='lat' dir='ltr'><strong>oras</strong></span> <span class='ocrx_word' id='word_1_46' title='bbox 1627 892 1923 950; x_wconf 87' lang='lat' dir='ltr'><strong>nostrum</strong></span> <span class='ocrx_word' id='word_1_47' title='bbox 1973 905 2113 951; x_wconf 86' lang='lat' dir='ltr'><strong>esse</strong></span> <span class='ocrx_word' id='word_1_48' title='bbox 2161 887 2519 952; x_wconf 82' lang='lat' dir='ltr'><strong>exercitum</strong></span> 
     </span>
     <span class='ocr_line' id='line_1_7' title="bbox 227 985 2517 1072; baseline 0.001 -23"><span class='ocrx_word' id='word_1_49' title='bbox 227 985 611 1049; x_wconf 86' lang='lat' dir='ltr'><strong>adductum.</strong></span> <span class='ocrx_word' id='word_1_50' title='bbox 698 987 809 1049; x_wconf 90' lang='lat' dir='ltr'><strong>Ita</strong></span> <span class='ocrx_word' id='word_1_51' title='bbox 845 986 1142 1049; x_wconf 74' lang='lat' dir='ltr'><strong>notiones</strong></span> <span class='ocrx_word' id='word_1_52' title='bbox 1180 986 1427 1048; x_wconf 90' lang='lat' dir='ltr'><strong>multae</strong></span> <span class='ocrx_word' id='word_1_53' title='bbox 1466 992 1668 1068; x_wconf 90' lang='lat' dir='ltr'><strong>atque</strong></span> <span class='ocrx_word' id='word_1_54' title='bbox 1705 1006 1981 1066; x_wconf 85' lang='lat' dir='ltr'><strong>magnae</strong></span> <span class='ocrx_word' id='word_1_55' title='bbox 2015 995 2192 1053; x_wconf 88' lang='lat' dir='ltr'><strong>novo</strong></span> <span class='ocrx_word' id='word_1_56' title='bbox 2228 988 2517 1072; x_wconf 85' lang='lat' dir='ltr'><strong>quodam</strong></span> 
     </span>
     <span class='ocr_line' id='line_1_8' title="bbox 136 1084 2519 1153; baseline 0.003 -8"><span class='ocrx_word' id='word_1_57' title='bbox 136 1102 197 1145; x_wconf 80' lang='lat'><strong>25</strong></span> <span class='ocrx_word' id='word_1_58' title='bbox 226 1092 472 1149; x_wconf 87' lang='lat' dir='ltr'><strong>terrore</strong></span> <span class='ocrx_word' id='word_1_59' title='bbox 497 1105 571 1147; x_wconf 89' lang='lat' dir='ltr'><strong>ac</strong></span> <span class='ocrx_word' id='word_1_60' title='bbox 595 1092 778 1149; x_wconf 77' lang='lat' dir='ltr'><strong>metu</strong></span> <span class='ocrx_word' id='word_1_61' title='bbox 799 1085 1315 1150; x_wconf 66' lang='lat' dir='ltr'><strong>concitabantur.</strong></span> <span class='ocrx_word' id='word_1_62' title='bbox 1404 1084 1644 1149; x_wconf 88' lang='lat' dir='ltr'><strong>Noster</strong></span> <span class='ocrx_word' id='word_1_63' title='bbox 1664 1092 1886 1150; x_wconf 87' lang='lat' dir='ltr'><strong>autem</strong></span> <span class='ocrx_word' id='word_1_64' title='bbox 1908 1088 2230 1153; x_wconf 81' lang='lat' dir='ltr'><strong>exercitus</strong></span> <span class='ocrx_word' id='word_1_65' title='bbox 2253 1093 2519 1152; x_wconf 82' lang='lat' dir='ltr'><strong>tametsi</strong></span> 
     </span>
     <span class='ocr_line' id='line_1_9' title="bbox 223 1185 2514 1267; baseline 0.002 -19"><span class='ocrx_word' id='word_1_66' title='bbox 223 1185 456 1248; x_wconf 90' lang='lat' dir='ltr'><strong>urbem</strong></span> <span class='ocrx_word' id='word_1_67' title='bbox 491 1203 576 1247; x_wconf 85' lang='lat' dir='ltr'><strong>ex</strong></span> <span class='ocrx_word' id='word_1_68' title='bbox 607 1186 901 1265; x_wconf 75' lang='lat' dir='ltr'><strong>Tigranis</strong></span> <span class='ocrx_word' id='word_1_69' title='bbox 931 1195 1132 1266; x_wconf 82' lang='lat' dir='ltr'><strong>regno</strong></span> <span class='ocrx_word' id='word_1_70' title='bbox 1154 1190 1428 1265; x_wconf 80' lang='lat' dir='ltr'><strong>ceperat</strong></span> <span class='ocrx_word' id='word_1_71' title='bbox 1459 1188 1530 1247; x_wconf 88' lang='lat' dir='ltr'><strong>et</strong></span> <span class='ocrx_word' id='word_1_72' title='bbox 1563 1185 1821 1267; x_wconf 82' lang='lat' dir='ltr'><strong>proeliis</strong></span> <span class='ocrx_word' id='word_1_73' title='bbox 1854 1194 2009 1251; x_wconf 74' lang='lat' dir='ltr'><strong>usus</strong></span> <span class='ocrx_word' id='word_1_74' title='bbox 2032 1194 2176 1252; x_wconf 88' lang='lat' dir='ltr'><strong>erat</strong></span> <span class='ocrx_word' id='word_1_75' title='bbox 2198 1188 2514 1263; x_wconf 77' lang='lat' dir='ltr'><strong>secundis,</strong></span> 
     </span>
     <span class='ocr_line' id='line_1_10' title="bbox 223 1284 2507 1366; baseline 0 -17"><span class='ocrx_word' id='word_1_76' title='bbox 223 1292 452 1349; x_wconf 88' lang='lat' dir='ltr'><strong>tamen</strong></span> <span class='ocrx_word' id='word_1_77' title='bbox 491 1284 694 1349; x_wconf 76' lang='lat' dir='ltr'><strong>nimia</strong></span> <span class='ocrx_word' id='word_1_78' title='bbox 728 1284 1206 1366; x_wconf 66' lang='lat' dir='ltr'><strong>longinquitate</strong></span> <span class='ocrx_word' id='word_1_79' title='bbox 1241 1285 1533 1349; x_wconf 90' lang='lat' dir='ltr'><strong>locorum</strong></span> <span class='ocrx_word' id='word_1_80' title='bbox 1571 1305 1648 1350; x_wconf 90' lang='lat' dir='ltr'><strong>ac</strong></span> <span class='ocrx_word' id='word_1_81' title='bbox 1687 1286 2001 1351; x_wconf 84' lang='lat' dir='ltr'><strong>desiderio</strong></span> <span class='ocrx_word' id='word_1_82' title='bbox 2038 1297 2304 1351; x_wconf 90' lang='lat' dir='ltr'><strong>suorum</strong></span> <span class='ocrx_word' id='word_1_83' title='bbox 2344 1307 2507 1351; x_wconf 90' lang='lat' dir='ltr'><strong>com-</strong></span> 
     </span>
     <span class='ocr_line' id='line_1_11' title="bbox 223 1383 2614 1466; baseline 0.001 -19"><span class='ocrx_word' id='word_1_84' title='bbox 223 1387 634 1449; x_wconf 60' lang='lat' dir='ltr'><strong>movebatur.</strong></span> <span class='ocrx_word' id='word_1_85' title='bbox 724 1387 850 1449; x_wconf 84' lang='lat' dir='ltr'><strong>Hic</strong></span> <span class='ocrx_word' id='word_1_86' title='bbox 900 1386 1031 1448; x_wconf 88' lang='lat' dir='ltr'><strong>iam</strong></span> <span class='ocrx_word' id='word_1_87' title='bbox 1081 1383 1271 1466; x_wconf 73' lang='lat' dir='ltr'><strong>plura</strong></span> <span class='ocrx_word' id='word_1_88' title='bbox 1319 1393 1453 1448; x_wconf 92' lang='lat' dir='ltr'><strong>non</strong></span> <span class='ocrx_word' id='word_1_89' title='bbox 1502 1383 1716 1448; x_wconf 80' lang='lat' dir='ltr'><strong>dicam</strong></span> <span class='ocrx_word' id='word_1_90' title='bbox 1727 1404 1745 1463; x_wconf 72' lang='grc' dir='ltr'><strong><em>ς</em></strong></span> <span class='ocrx_word' id='word_1_91' title='bbox 1794 1385 1923 1449; x_wconf 90' lang='lat' dir='ltr'><strong>fuit</strong></span> <span class='ocrx_word' id='word_1_92' title='bbox 1971 1387 2144 1450; x_wconf 89' lang='lat' dir='ltr'><strong>enim</strong></span> <span class='ocrx_word' id='word_1_93' title='bbox 2194 1385 2355 1450; x_wconf 91' lang='lat' dir='ltr'><strong>illud</strong></span> <span class='ocrx_word' id='word_1_94' title='bbox 2404 1385 2514 1449; x_wconf 60' lang='lat' dir='ltr'><strong>exl</strong></span> <span class='ocrx_word' id='word_1_95' title='bbox 2533 1386 2614 1451; x_wconf 77' lang='lat'><strong>24</strong></span> 
     </span>
     <span class='ocr_line' id='line_1_12' title="bbox 222 1484 2518 1567; baseline 0.001 -19"><span class='ocrx_word' id='word_1_96' title='bbox 222 1491 531 1563; x_wconf 87' lang='lat' dir='ltr'><strong>tremum,</strong></span> <span class='ocrx_word' id='word_1_97' title='bbox 558 1494 636 1550; x_wconf 91' lang='lat' dir='ltr'><strong>ut</strong></span> <span class='ocrx_word' id='word_1_98' title='bbox 661 1505 746 1548; x_wconf 85' lang='lat' dir='ltr'><strong>ex</strong></span> <span class='ocrx_word' id='word_1_99' title='bbox 767 1485 845 1548; x_wconf 84' lang='lat' dir='ltr'><strong>iis</strong></span> <span class='ocrx_word' id='word_1_100' title='bbox 866 1486 1024 1548; x_wconf 83' lang='lat' dir='ltr'><strong>locis</strong></span> <span class='ocrx_word' id='word_1_101' title='bbox 1050 1494 1091 1548; x_wconf 73' lang='lat' dir='ltr'><strong>a</strong></span> <span class='ocrx_word' id='word_1_102' title='bbox 1113 1484 1430 1548; x_wconf 81' lang='lat' dir='ltr'><strong>militibus</strong></span> <span class='ocrx_word' id='word_1_103' title='bbox 1454 1490 1692 1550; x_wconf 78' lang='lat' dir='ltr'><strong>nostris</strong></span> <span class='ocrx_word' id='word_1_104' title='bbox 1717 1484 1963 1548; x_wconf 90' lang='lat' dir='ltr'><strong>reditus</strong></span> <span class='ocrx_word' id='word_1_105' title='bbox 1990 1487 2196 1567; x_wconf 81' lang='lat' dir='ltr'><strong>magis</strong></span> <span class='ocrx_word' id='word_1_106' title='bbox 2221 1492 2518 1550; x_wconf 73' lang='lat' dir='ltr'><strong>maturus</strong></span> 
     </span>
     <span class='ocr_line' id='line_1_13' title="bbox 127 1582 2518 1666; baseline 0.002 -21"><span class='ocrx_word' id='word_1_107' title='bbox 127 1602 191 1645; x_wconf 75' lang='lat' dir='ltr'><strong>ao</strong></span> <span class='ocrx_word' id='word_1_108' title='bbox 220 1605 425 1666; x_wconf 90' lang='lat' dir='ltr'><strong>quam</strong></span> <span class='ocrx_word' id='word_1_109' title='bbox 485 1585 808 1666; x_wconf 76' lang='lat' dir='ltr'><strong>processio</strong></span> <span class='ocrx_word' id='word_1_110' title='bbox 863 1584 1113 1665; x_wconf 88' lang='lat' dir='ltr'><strong>longior</strong></span> <span class='ocrx_word' id='word_1_111' title='bbox 1170 1590 1607 1666; x_wconf 65' lang='lat' dir='ltr'><strong>quaereretur.</strong></span> <span class='ocrx_word' id='word_1_112' title='bbox 1695 1582 2108 1649; x_wconf 64' lang='lat' dir='ltr'><strong>Mithridates</strong></span> <span class='ocrx_word' id='word_1_113' title='bbox 2167 1591 2390 1650; x_wconf 90' lang='lat' dir='ltr'><strong>autem</strong></span> <span class='ocrx_word' id='word_1_114' title='bbox 2449 1592 2518 1650; x_wconf 89' lang='lat' dir='ltr'><strong>et</strong></span> 
     </span>
     <span class='ocr_line' id='line_1_14' title="bbox 217 1684 2518 1768; baseline 0.001 -20"><span class='ocrx_word' id='word_1_115' title='bbox 217 1705 411 1748; x_wconf 89' lang='lat' dir='ltr'><strong>suam</strong></span> <span class='ocrx_word' id='word_1_116' title='bbox 441 1705 713 1749; x_wconf 91' lang='lat' dir='ltr'><strong>manum</strong></span> <span class='ocrx_word' id='word_1_117' title='bbox 744 1684 875 1746; x_wconf 90' lang='lat' dir='ltr'><strong>iam</strong></span> <span class='ocrx_word' id='word_1_118' title='bbox 908 1684 1329 1748; x_wconf 70' lang='lat' dir='ltr'><strong>confirmarat</strong></span> <span class='ocrx_word' id='word_1_119' title='bbox 1357 1688 1428 1748; x_wconf 91' lang='lat' dir='ltr'><strong>et</strong></span> <span class='ocrx_word' id='word_1_120' title='bbox 1454 1693 1701 1761; x_wconf 86' lang='lat' dir='ltr'><strong>eorum,</strong></span> <span class='ocrx_word' id='word_1_121' title='bbox 1733 1692 1851 1768; x_wconf 80' lang='lat' dir='ltr'><strong>qui</strong></span> <span class='ocrx_word' id='word_1_122' title='bbox 1878 1694 1947 1749; x_wconf 89' lang='lat' dir='ltr'><strong>se</strong></span> <span class='ocrx_word' id='word_1_123' title='bbox 1976 1704 2061 1747; x_wconf 82' lang='lat' dir='ltr'><strong>ex</strong></span> <span class='ocrx_word' id='word_1_124' title='bbox 2089 1684 2291 1764; x_wconf 84' lang='lat' dir='ltr'><strong>ipsius</strong></span> <span class='ocrx_word' id='word_1_125' title='bbox 2319 1694 2518 1767; x_wconf 82' lang='lat' dir='ltr'><strong>regno</strong></span> 
     </span>
     <span class='ocr_line' id='line_1_15' title="bbox 217 1784 2518 1864; baseline 0 -16"><span class='ocrx_word' id='word_1_126' title='bbox 217 1785 631 1864; x_wconf 75' lang='lat' dir='ltr'><strong>collegerant,</strong></span> <span class='ocrx_word' id='word_1_127' title='bbox 673 1790 743 1848; x_wconf 90' lang='lat' dir='ltr'><strong>et</strong></span> <span class='ocrx_word' id='word_1_128' title='bbox 780 1793 1032 1864; x_wconf 84' lang='lat' dir='ltr'><strong>magnis</strong></span> <span class='ocrx_word' id='word_1_129' title='bbox 1070 1784 1454 1847; x_wconf 82' lang='lat' dir='ltr'><strong>adventiciis</strong></span> <span class='ocrx_word' id='word_1_130' title='bbox 1493 1784 1749 1847; x_wconf 70' lang='lat' dir='ltr'><strong>auxiliis</strong></span> <span class='ocrx_word' id='word_1_131' title='bbox 1788 1785 2147 1847; x_wconf 88' lang='lat' dir='ltr'><strong>multorum</strong></span> <span class='ocrx_word' id='word_1_132' title='bbox 2185 1794 2410 1864; x_wconf 84' lang='lat' dir='ltr'><strong>regum</strong></span> <span class='ocrx_word' id='word_1_133' title='bbox 2448 1790 2518 1849; x_wconf 88' lang='lat' dir='ltr'><strong>et</strong></span> 
     </span>
     <span class='ocr_line' id='line_1_16' title="bbox 216 1882 2512 1966; baseline 0.001 -19"><span class='ocrx_word' id='word_1_134' title='bbox 216 1885 566 1948; x_wconf 76' lang='lat' dir='ltr'><strong>nationum</strong></span> <span class='ocrx_word' id='word_1_135' title='bbox 600 1883 972 1949; x_wconf 74' lang='lat' dir='ltr'><strong>iuvabotur.</strong></span> <span class='ocrx_word' id='word_1_136' title='bbox 1062 1883 1233 1947; x_wconf 92' lang='lat' dir='ltr'><strong>Nam</strong></span> <span class='ocrx_word' id='word_1_137' title='bbox 1268 1882 1390 1946; x_wconf 94' lang='lat' dir='ltr'><strong>hoc</strong></span> <span class='ocrx_word' id='word_1_138' title='bbox 1425 1882 1559 1947; x_wconf 90' lang='lat' dir='ltr'><strong>fere</strong></span> <span class='ocrx_word' id='word_1_139' title='bbox 1592 1892 1682 1947; x_wconf 82' lang='lat' dir='ltr'><strong>sic</strong></span> <span class='ocrx_word' id='word_1_140' title='bbox 1718 1883 1856 1946; x_wconf 85' lang='lat' dir='ltr'><strong>fieri</strong></span> <span class='ocrx_word' id='word_1_141' title='bbox 1889 1883 2091 1949; x_wconf 88' lang='lat' dir='ltr'><strong>solere</strong></span> <span class='ocrx_word' id='word_1_142' title='bbox 2127 1885 2512 1966; x_wconf 73' lang='lat' dir='ltr'><strong>accepimus,</strong></span> 
     </span>
     <span class='ocr_line' id='line_1_17' title="bbox 215 1982 2516 2065; baseline 0 -18"><span class='ocrx_word' id='word_1_143' title='bbox 215 1990 296 2047; x_wconf 87' lang='lat' dir='ltr'><strong>ut</strong></span> <span class='ocrx_word' id='word_1_144' title='bbox 351 1995 578 2065; x_wconf 84' lang='lat' dir='ltr'><strong>regum</strong></span> <span class='ocrx_word' id='word_1_145' title='bbox 623 1985 925 2061; x_wconf 78' lang='lat' dir='ltr'><strong>adflictae</strong></span> <span class='ocrx_word' id='word_1_146' title='bbox 978 1983 1280 2049; x_wconf 76' lang='lat' dir='ltr'><strong>fortunae</strong></span> <span class='ocrx_word' id='word_1_147' title='bbox 1334 1983 1523 2047; x_wconf 90' lang='lat' dir='ltr'><strong>facile</strong></span> <span class='ocrx_word' id='word_1_148' title='bbox 1577 1982 1935 2047; x_wconf 84' lang='lat' dir='ltr'><strong>multorum</strong></span> <span class='ocrx_word' id='word_1_149' title='bbox 1993 1993 2149 2064; x_wconf 89' lang='lat' dir='ltr'><strong>opes</strong></span> <span class='ocrx_word' id='word_1_150' title='bbox 2205 1983 2516 2048; x_wconf 89' lang='lat' dir='ltr'><strong>adliciant</strong></span> 
     </span>
     <span class='ocr_line' id='line_1_18' title="bbox 28 2083 2515 2168; baseline 0.001 -23"><span class='ocrx_word' id='word_1_151' title='bbox 28 2153 29 2168; x_wconf 12' lang='grc' dir='ltr'>χ</span> <span class='ocrx_word' id='word_1_152' title='bbox 117 2103 180 2145; x_wconf 77' lang='lat'><strong>35</strong></span> <span class='ocrx_word' id='word_1_153' title='bbox 215 2085 303 2148; x_wconf 89' lang='lat' dir='ltr'><strong>ad</strong></span> <span class='ocrx_word' id='word_1_154' title='bbox 348 2084 873 2161; x_wconf 86' lang='lat' dir='ltr'><strong>misericordiam,</strong></span> <span class='ocrx_word' id='word_1_155' title='bbox 919 2083 1331 2164; x_wconf 85' lang='lat' dir='ltr'><strong>maximeque</strong></span> <span class='ocrx_word' id='word_1_156' title='bbox 1371 2093 1616 2161; x_wconf 89' lang='lat' dir='ltr'><strong>eorum,</strong></span> <span class='ocrx_word' id='word_1_157' title='bbox 1663 2092 1777 2164; x_wconf 82' lang='lat' dir='ltr'><strong>qul</strong></span> <span class='ocrx_word' id='word_1_158' title='bbox 1818 2089 1937 2147; x_wconf 92' lang='lat' dir='ltr'><strong>aut</strong></span> <span class='ocrx_word' id='word_1_159' title='bbox 1977 2093 2157 2163; x_wconf 87' lang='lat' dir='ltr'><strong>reges</strong></span> <span class='ocrx_word' id='word_1_160' title='bbox 2199 2088 2356 2147; x_wconf 88' lang='lat' dir='ltr'><strong>sunt</strong></span> <span class='ocrx_word' id='word_1_161' title='bbox 2396 2090 2515 2148; x_wconf 90' lang='lat' dir='ltr'><strong>aut</strong></span> 
     </span>
     <span class='ocr_line' id='line_1_19' title="bbox 213 2184 2514 2266; baseline 0 -18"><span class='ocrx_word' id='word_1_162' title='bbox 213 2191 460 2249; x_wconf 85' lang='lat' dir='ltr'><strong>vivunt</strong></span> <span class='ocrx_word' id='word_1_163' title='bbox 494 2187 562 2249; x_wconf 90' lang='lat' dir='ltr'><strong>in</strong></span> <span class='ocrx_word' id='word_1_164' title='bbox 595 2194 812 2266; x_wconf 89' lang='lat' dir='ltr'><strong>regno,</strong></span> <span class='ocrx_word' id='word_1_165' title='bbox 849 2190 928 2248; x_wconf 88' lang='lat' dir='ltr'><strong>ut</strong></span> <span class='ocrx_word' id='word_1_166' title='bbox 962 2185 1040 2248; x_wconf 82' lang='lat' dir='ltr'><strong>iis</strong></span> <span class='ocrx_word' id='word_1_167' title='bbox 1073 2193 1312 2247; x_wconf 92' lang='lat' dir='ltr'><strong>nomen</strong></span> <span class='ocrx_word' id='word_1_168' title='bbox 1344 2184 1557 2263; x_wconf 74' lang='lat' dir='ltr'><strong>regale</strong></span> <span class='ocrx_word' id='word_1_169' title='bbox 1591 2204 1903 2264; x_wconf 83' lang='lat' dir='ltr'><strong>magnum</strong></span> <span class='ocrx_word' id='word_1_170' title='bbox 1937 2190 2006 2248; x_wconf 91' lang='lat' dir='ltr'><strong>et</strong></span> <span class='ocrx_word' id='word_1_171' title='bbox 2041 2190 2342 2249; x_wconf 75' lang='lat' dir='ltr'><strong>sanctum</strong></span> <span class='ocrx_word' id='word_1_172' title='bbox 2376 2205 2514 2249; x_wconf 87' lang='lat' dir='ltr'><strong>esse</strong></span> 
     </span>
     <span class='ocr_line' id='line_1_20' title="bbox 212 2283 2610 2366; baseline 0.001 -18"><span class='ocrx_word' id='word_1_173' title='bbox 212 2286 540 2350; x_wconf 73' lang='lat' dir='ltr'><strong>videatur.</strong></span> <span class='ocrx_word' id='word_1_174' title='bbox 629 2286 867 2365; x_wconf 90' lang='lat' dir='ltr'><strong>Itaque</strong></span> <span class='ocrx_word' id='word_1_175' title='bbox 908 2290 1173 2348; x_wconf 89' lang='lat' dir='ltr'><strong>tantum</strong></span> <span class='ocrx_word' id='word_1_176' title='bbox 1215 2283 1432 2347; x_wconf 86' lang='lat' dir='ltr'><strong>victus</strong></span> <span class='ocrx_word' id='word_1_177' title='bbox 1473 2284 1721 2348; x_wconf 91' lang='lat' dir='ltr'><strong>efficere</strong></span> <span class='ocrx_word' id='word_1_178' title='bbox 1761 2284 2001 2366; x_wconf 90' lang='lat' dir='ltr'><strong>potuit,</strong></span> <span class='ocrx_word' id='word_1_179' title='bbox 2046 2290 2371 2366; x_wconf 90' lang='lat' dir='ltr'><strong>quantum</strong></span> <span class='ocrx_word' id='word_1_180' title='bbox 2413 2285 2512 2347; x_wconf 87' lang='lat' dir='ltr'><strong>in·</strong></span> <span class='ocrx_word' id='word_1_181' title='bbox 2528 2288 2610 2350; x_wconf 87' lang='lat'><strong>25</strong></span> 
     </span>
     <span class='ocr_line' id='line_1_21' title="bbox 209 2383 2511 2466; baseline -0 -18"><span class='ocrx_word' id='word_1_182' title='bbox 209 2388 490 2450; x_wconf 90' lang='lat' dir='ltr'><strong>columis</strong></span> <span class='ocrx_word' id='word_1_183' title='bbox 523 2405 884 2466; x_wconf 89' lang='lat' dir='ltr'><strong>numquam</strong></span> <span class='ocrx_word' id='word_1_184' title='bbox 918 2390 1021 2453; x_wconf 84' lang='lat' dir='ltr'><strong>est</strong></span> <span class='ocrx_word' id='word_1_185' title='bbox 1054 2403 1251 2447; x_wconf 90' lang='lat' dir='ltr'><strong>ausus</strong></span> <span class='ocrx_word' id='word_1_186' title='bbox 1284 2389 1532 2466; x_wconf 68' lang='lat' dir='ltr'><strong>optare.</strong></span> <span class='ocrx_word' id='word_1_187' title='bbox 1620 2383 1813 2461; x_wconf 89' lang='lat' dir='ltr'><strong>Nam,</strong></span> <span class='ocrx_word' id='word_1_188' title='bbox 1851 2404 2001 2448; x_wconf 92' lang='lat' dir='ltr'><strong>cum</strong></span> <span class='ocrx_word' id='word_1_189' title='bbox 2035 2394 2105 2448; x_wconf 88' lang='lat' dir='ltr'><strong>se</strong></span> <span class='ocrx_word' id='word_1_190' title='bbox 2138 2383 2207 2446; x_wconf 91' lang='lat' dir='ltr'><strong>in</strong></span> <span class='ocrx_word' id='word_1_191' title='bbox 2240 2394 2511 2465; x_wconf 89' lang='lat' dir='ltr'><strong>regnum</strong></span> 
     </span>
     <span class='ocr_line' id='line_1_22' title="bbox 209 2483 2511 2567; baseline 0 -19"><span class='ocrx_word' id='word_1_192' title='bbox 209 2506 411 2550; x_wconf 90' lang='lat' dir='ltr'><strong>suum</strong></span> <span class='ocrx_word' id='word_1_193' title='bbox 448 2485 814 2567; x_wconf 88' lang='lat' dir='ltr'><strong>recepisset,</strong></span> <span class='ocrx_word' id='word_1_194' title='bbox 854 2494 988 2547; x_wconf 90' lang='lat' dir='ltr'><strong>non</strong></span> <span class='ocrx_word' id='word_1_195' title='bbox 1026 2483 1155 2547; x_wconf 90' lang='lat' dir='ltr'><strong>fuit</strong></span> <span class='ocrx_word' id='word_1_196' title='bbox 1192 2492 1272 2546; x_wconf 94' lang='lat' dir='ltr'><strong>eo</strong></span> <span class='ocrx_word' id='word_1_197' title='bbox 1309 2488 1676 2560; x_wconf 88' lang='lat' dir='ltr'><strong>contentus,</strong></span> <span class='ocrx_word' id='word_1_198' title='bbox 1719 2483 1897 2564; x_wconf 92' lang='lat' dir='ltr'><strong>quod</strong></span> <span class='ocrx_word' id='word_1_199' title='bbox 1934 2493 1995 2546; x_wconf 82' lang='lat' dir='ltr'><strong>ei</strong></span> <span class='ocrx_word' id='word_1_200' title='bbox 2030 2491 2290 2565; x_wconf 88' lang='lat' dir='ltr'><strong>praeter</strong></span> <span class='ocrx_word' id='word_1_201' title='bbox 2327 2503 2511 2566; x_wconf 90' lang='lat' dir='ltr'><strong>spem</strong></span> 
     </span>
     <span class='ocr_line' id='line_1_23' title="bbox 118 2583 2506 2665; baseline -0 -18"><span class='ocrx_word' id='word_1_202' title='bbox 118 2603 178 2647; x_wconf 68' lang='grc' dir='ltr'><strong>ιο</strong></span> <span class='ocrx_word' id='word_1_203' title='bbox 209 2586 562 2663; x_wconf 88' lang='lat' dir='ltr'><strong>acciderat,</strong></span> <span class='ocrx_word' id='word_1_204' title='bbox 605 2590 684 2648; x_wconf 90' lang='lat' dir='ltr'><strong>ut</strong></span> <span class='ocrx_word' id='word_1_205' title='bbox 723 2584 921 2661; x_wconf 90' lang='lat' dir='ltr'><strong>illam,</strong></span> <span class='ocrx_word' id='word_1_206' title='bbox 964 2589 1396 2665; x_wconf 76' lang='lat' dir='ltr'><strong>posteaquam</strong></span> <span class='ocrx_word' id='word_1_207' title='bbox 1435 2583 1664 2664; x_wconf 87' lang='lat' dir='ltr'><strong>pulsus</strong></span> <span class='ocrx_word' id='word_1_208' title='bbox 1702 2587 1863 2660; x_wconf 88' lang='lat' dir='ltr'><strong>erat,</strong></span> <span class='ocrx_word' id='word_1_209' title='bbox 1907 2588 2150 2646; x_wconf 87' lang='lat' dir='ltr'><strong>terram</strong></span> <span class='ocrx_word' id='word_1_210' title='bbox 2190 2604 2506 2665; x_wconf 91' lang='lat' dir='ltr'><strong>umquam</strong></span> 
     </span>
     <span class='ocr_line' id='line_1_24' title="bbox 208 2681 2510 2768; baseline -0.001 -18"><span class='ocrx_word' id='word_1_211' title='bbox 208 2689 587 2768; x_wconf 85' lang='lat' dir='ltr'><strong>attingeret,</strong></span> <span class='ocrx_word' id='word_1_212' title='bbox 636 2684 752 2748; x_wconf 91' lang='lat' dir='ltr'><strong>sed</strong></span> <span class='ocrx_word' id='word_1_213' title='bbox 793 2684 863 2746; x_wconf 89' lang='lat' dir='ltr'><strong>in</strong></span> <span class='ocrx_word' id='word_1_214' title='bbox 906 2683 1264 2747; x_wconf 88' lang='lat' dir='ltr'><strong>exercitum</strong></span> <span class='ocrx_word' id='word_1_215' title='bbox 1310 2688 1607 2747; x_wconf 91' lang='lat' dir='ltr'><strong>nostrum</strong></span> <span class='ocrx_word' id='word_1_216' title='bbox 1652 2681 1897 2746; x_wconf 78' lang='lat' dir='ltr'><strong>clarum</strong></span> <span class='ocrx_word' id='word_1_217' title='bbox 1943 2688 2145 2765; x_wconf 89' lang='lat' dir='ltr'><strong>atque</strong></span> <span class='ocrx_word' id='word_1_218' title='bbox 2193 2684 2510 2747; x_wconf 91' lang='lat' dir='ltr'><strong>victorem</strong></span> 
     </span>
    </p>
   </div>
   <div class='ocr_carea' id='block_1_3' title="bbox 275 2906 2506 2962">
    <p class='ocr_par' dir='ltr' id='par_1_3' title="bbox 275 2906 2506 2962">
     <span class='ocr_line' id='line_1_25' title="bbox 275 2906 2506 2962; baseline -0.003 -5"><span class='ocrx_word' id='word_1_219' title='bbox 275 2917 355 2960; x_wconf 89' lang='grc'><strong>20,</strong></span> <span class='ocrx_word' id='word_1_220' title='bbox 388 2910 763 2957; x_wconf 64' lang='lat' dir='ltr'><strong>lacescendum:</strong></span> <span class='ocrx_word' id='word_1_221' title='bbox 803 2911 979 2962; x_wconf 82' lang='lat' dir='ltr'><strong>‘ought</strong></span> <span class='ocrx_word' id='word_1_222' title='bbox 999 2914 1054 2954; x_wconf 86' lang='lat' dir='ltr'><strong>to</strong></span> <span class='ocrx_word' id='word_1_223' title='bbox 1073 2910 1137 2953; x_wconf 89' lang='lat' dir='ltr'><strong>be</strong></span> <span class='ocrx_word' id='word_1_224' title='bbox 1154 2908 1317 2953; x_wconf 86' lang='lat' dir='ltr'><strong>tried.&#39;</strong></span> <span class='ocrx_word' id='word_1_225' title='bbox 1403 2906 1604 2951; x_wconf 79' lang='lat' dir='ltr'><strong>conceal</strong></span> <span class='ocrx_word' id='word_1_226' title='bbox 1655 2906 1742 2951; x_wconf 87' lang='lat' dir='ltr'><strong>the</strong></span> <span class='ocrx_word' id='word_1_227' title='bbox 1792 2906 2013 2958; x_wconf 76' lang='lat' dir='ltr'><strong>disgrace</strong></span> <span class='ocrx_word' id='word_1_228' title='bbox 2063 2911 2118 2951; x_wconf 88' lang='lat' dir='ltr'><strong>to</strong></span> <span class='ocrx_word' id='word_1_229' title='bbox 2169 2906 2257 2952; x_wconf 86' lang='lat' dir='ltr'><strong>the</strong></span> <span class='ocrx_word' id='word_1_230' title='bbox 2309 2907 2506 2950; x_wconf 85' lang='lat' dir='ltr'><strong>Roman</strong></span> 
     </span>
    </p>
   </div>
   <div class='ocr_carea' id='block_1_4' title="bbox 209 2972 2507 3098">
    <p class='ocr_par' dir='ltr' id='par_1_4' title="bbox 209 2972 2507 3098">
     <span class='ocr_line' id='line_1_26' title="bbox 209 2972 2507 3031; baseline -0.003 -6"><span class='ocrx_word' id='word_1_231' title='bbox 209 2981 383 3025; x_wconf 74' lang='lat' dir='ltr'><strong>hello:</strong></span> <span class='ocrx_word' id='word_1_232' title='bbox 434 2989 550 3031; x_wconf 75' lang='lat' dir='ltr'><strong>goes</strong></span> <span class='ocrx_word' id='word_1_233' title='bbox 572 2977 693 3031; x_wconf 79' lang='lat' dir='ltr'><strong>only</strong></span> <span class='ocrx_word' id='word_1_234' title='bbox 715 2977 838 3021; x_wconf 83' lang='lat' dir='ltr'><strong>with</strong></span> <span class='ocrx_word' id='word_1_235' title='bbox 860 2977 1169 3020; x_wconf 69' lang='lat' dir='ltr'><strong>lammam,</strong></span> <span class='ocrx_word' id='word_1_236' title='bbox 1404 2985 1567 3019; x_wconf 87' lang='lat' dir='ltr'><strong>name.</strong></span> <span class='ocrx_word' id='word_1_237' title='bbox 1647 2972 1917 3018; x_wconf 64' lang='lat' dir='ltr'><strong>desiderio</strong></span> <span class='ocrx_word' id='word_1_238' title='bbox 1963 2981 2223 3019; x_wconf 73' lang='lat' dir='ltr'><strong>auorum:</strong></span> <span class='ocrx_word' id='word_1_239' title='bbox 2317 2973 2507 3017; x_wconf 84' lang='lat' dir='ltr'><strong>‘home-</strong></span> 
     </span>
     <span class='ocr_line' id='line_1_27' title="bbox 273 3038 2505 3098; baseline -0.002 -8"><span class='ocrx_word' id='word_1_240' title='bbox 273 3050 352 3098; x_wconf 85' lang='lat'><strong>21,</strong></span> <span class='ocrx_word' id='word_1_241' title='bbox 376 3048 455 3090; x_wconf 83' lang='lat'><strong>22.</strong></span> <span class='ocrx_word' id='word_1_242' title='bbox 489 3045 702 3097; x_wconf 77' lang='lat' dir='ltr'><strong>opinio:</strong></span> <span class='ocrx_word' id='word_1_243' title='bbox 796 3042 1097 3095; x_wconf 57' lang='lat' dir='ltr'><strong>&#39;suspicion’</strong></span> <span class='ocrx_word' id='word_1_244' title='bbox 1172 3041 1318 3086; x_wconf 71' lang='lat' dir='ltr'><strong>tani:</strong></span> <span class='ocrx_word' id='word_1_245' title='bbox 1404 3038 1655 3084; x_wconf 65' lang='lat' dir='ltr'><strong>sickness!</strong></span> <span class='ocrx_word' id='word_1_246' title='bbox 1721 3039 1999 3083; x_wconf 79' lang='lat' dir='ltr'><strong>Alexander</strong></span> <span class='ocrx_word' id='word_1_247' title='bbox 2032 3040 2119 3084; x_wconf 89' lang='lat' dir='ltr'><strong>the</strong></span> <span class='ocrx_word' id='word_1_248' title='bbox 2154 3040 2304 3084; x_wconf 86' lang='lat' dir='ltr'><strong>Great</strong></span> <span class='ocrx_word' id='word_1_249' title='bbox 2336 3038 2439 3084; x_wconf 86' lang='lat' dir='ltr'><strong>had</strong></span> <span class='ocrx_word' id='word_1_250' title='bbox 2471 3051 2505 3085; x_wconf 83' lang='lat' dir='ltr'><strong>a</strong></span> 
     </span>
    </p>
   </div>
   <div class='ocr_carea' id='block_1_5' title="bbox 203 3105 2505 3967">
    <p class='ocr_par' dir='ltr' id='par_1_5' title="bbox 203 3105 2505 3967">
     <span class='ocr_line' id='line_1_28' title="bbox 209 3105 2222 3160; baseline -0.004 -2"><span class='ocrx_word' id='word_1_251' title='bbox 209 3114 287 3158; x_wconf 80' lang='lat' dir='ltr'><strong>‘ot</strong></span> <span class='ocrx_word' id='word_1_252' title='bbox 327 3115 416 3158; x_wconf 90' lang='lat' dir='ltr'><strong>the</strong></span> <span class='ocrx_word' id='word_1_253' title='bbox 457 3112 658 3156; x_wconf 81' lang='lat' dir='ltr'><strong>Persian</strong></span> <span class='ocrx_word' id='word_1_254' title='bbox 698 3111 902 3154; x_wconf 81' lang='lat' dir='ltr'><strong>Nanaea</strong></span> <span class='ocrx_word' id='word_1_255' title='bbox 938 3120 995 3153; x_wconf 89' lang='lat' dir='ltr'><strong>or</strong></span> <span class='ocrx_word' id='word_1_256' title='bbox 1033 3109 1228 3152; x_wconf 78' lang='lat' dir='ltr'><strong>Anaitla</strong></span> <span class='ocrx_word' id='word_1_257' title='bbox 1265 3108 1318 3152; x_wconf 87' lang='lat' dir='ltr'><strong>in</strong></span> <span class='ocrx_word' id='word_1_258' title='bbox 1404 3107 1504 3151; x_wconf 86' lang='lat' dir='ltr'><strong>like</strong></span> <span class='ocrx_word' id='word_1_259' title='bbox 1531 3106 1816 3160; x_wconf 78' lang='lat' dir='ltr'><strong>experienoe</strong></span> <span class='ocrx_word' id='word_1_260' title='bbox 1841 3105 1962 3150; x_wconf 85' lang='lat' dir='ltr'><strong>with</strong></span> <span class='ocrx_word' id='word_1_261' title='bbox 1988 3105 2065 3149; x_wconf 74' lang='lat' dir='ltr'><strong>his</strong></span> <span class='ocrx_word' id='word_1_262' title='bbox 2091 3116 2222 3150; x_wconf 89' lang='lat' dir='ltr'><strong>men.</strong></span> 
     </span>
     <span class='ocr_line' id='line_1_29' title="bbox 207 3171 2505 3233; baseline -0.003 -9"><span class='ocrx_word' id='word_1_263' title='bbox 207 3180 452 3233; x_wconf 83' lang='lat' dir='ltr'><strong>Elymais,</strong></span> <span class='ocrx_word' id='word_1_264' title='bbox 490 3189 548 3222; x_wconf 89' lang='lat' dir='ltr'><strong>or</strong></span> <span class='ocrx_word' id='word_1_265' title='bbox 583 3178 671 3222; x_wconf 87' lang='lat' dir='ltr'><strong>the</strong></span> <span class='ocrx_word' id='word_1_266' title='bbox 703 3177 910 3221; x_wconf 87' lang='lat' dir='ltr'><strong>modern</strong></span> <span class='ocrx_word' id='word_1_267' title='bbox 947 3172 1194 3225; x_wconf 77' lang='lat' dir='ltr'><strong>Lurlstan,</strong></span> <span class='ocrx_word' id='word_1_268' title='bbox 1232 3174 1319 3218; x_wconf 84' lang='lat' dir='ltr'><strong>the</strong></span> <span class='ocrx_word' id='word_1_269' title='bbox 1467 3175 1638 3218; x_wconf 82' lang='grc'><strong>28-31.</strong></span> <span class='ocrx_word' id='word_1_270' title='bbox 1670 3173 2013 3217; x_wconf 72' lang='lat' dir='ltr'><strong>extremum:</strong></span> <span class='ocrx_word' id='word_1_271' title='bbox 2050 3171 2158 3216; x_wconf 79' lang='lat' dir='ltr'><strong>‘the</strong></span> <span class='ocrx_word' id='word_1_272' title='bbox 2173 3171 2361 3218; x_wconf 64' lang='lat' dir='ltr'><strong>result!</strong></span> <span class='ocrx_word' id='word_1_273' title='bbox 2385 3182 2505 3217; x_wconf 75' lang='lat' dir='ltr'><strong>ma·</strong></span> 
     </span>
     <span class='ocr_line' id='line_1_30' title="bbox 206 3238 2493 3292; baseline -0.004 0"><span class='ocrx_word' id='word_1_274' title='bbox 206 3252 343 3292; x_wconf 83' lang='lat' dir='ltr'><strong>most</strong></span> <span class='ocrx_word' id='word_1_275' title='bbox 362 3244 643 3291; x_wconf 85' lang='lat' dir='ltr'><strong>celebrated</strong></span> <span class='ocrx_word' id='word_1_276' title='bbox 661 3244 762 3289; x_wconf 86' lang='lat' dir='ltr'><strong>and</strong></span> <span class='ocrx_word' id='word_1_277' title='bbox 779 3244 960 3287; x_wconf 83' lang='lat' dir='ltr'><strong>richest</strong></span> <span class='ocrx_word' id='word_1_278' title='bbox 979 3242 1144 3286; x_wconf 82' lang='lat' dir='ltr'><strong>shrine</strong></span> <span class='ocrx_word' id='word_1_279' title='bbox 1159 3241 1214 3284; x_wconf 84' lang='lat' dir='ltr'><strong>in</strong></span> <span class='ocrx_word' id='word_1_280' title='bbox 1232 3240 1319 3285; x_wconf 86' lang='lat' dir='ltr'><strong>the</strong></span> <span class='ocrx_word' id='word_1_281' title='bbox 1402 3241 1592 3285; x_wconf 70' lang='lat' dir='ltr'><strong>turus:</strong></span> <span class='ocrx_word' id='word_1_282' title='bbox 1639 3238 1827 3291; x_wconf 79' lang='lat' dir='ltr'><strong>‘early.’</strong></span> <span class='ocrx_word' id='word_1_283' title='bbox 1888 3246 2109 3283; x_wconf 79' lang='lat' dir='ltr'><strong>eorum:</strong></span> <span class='ocrx_word' id='word_1_284' title='bbox 2166 3248 2234 3283; x_wconf 81' lang='lat' dir='ltr'><strong>sc.</strong></span> <span class='ocrx_word' id='word_1_285' title='bbox 2287 3250 2493 3283; x_wconf 80' lang='lat' dir='ltr'><strong>manum.</strong></span> 
     </span>
     <span class='ocr_line' id='line_1_31' title="bbox 204 3303 2504 3365; baseline -0.004 -6"><span class='ocrx_word' id='word_1_286' title='bbox 204 3315 369 3359; x_wconf 85' lang='lat' dir='ltr'><strong>whole</strong></span> <span class='ocrx_word' id='word_1_287' title='bbox 394 3313 566 3365; x_wconf 81' lang='lat' dir='ltr'><strong>region</strong></span> <span class='ocrx_word' id='word_1_288' title='bbox 592 3311 646 3356; x_wconf 75' lang='lat' dir='ltr'><strong>ot</strong></span> <span class='ocrx_word' id='word_1_289' title='bbox 673 3310 760 3356; x_wconf 87' lang='lat' dir='ltr'><strong>the</strong></span> <span class='ocrx_word' id='word_1_290' title='bbox 787 3308 1103 3362; x_wconf 64' lang='lat' dir='ltr'><strong>Euphrates!</strong></span> <span class='ocrx_word' id='word_1_291' title='bbox 1466 3308 1639 3350; x_wconf 80' lang='lat'><strong>33-37.</strong></span> <span class='ocrx_word' id='word_1_292' title='bbox 1670 3304 2000 3350; x_wconf 71' lang='lat' dir='ltr'><strong>lavabatur:</strong></span> <span class='ocrx_word' id='word_1_293' title='bbox 2050 3303 2180 3348; x_wconf 89' lang='lat' dir='ltr'><strong>Note</strong></span> <span class='ocrx_word' id='word_1_294' title='bbox 2204 3303 2291 3349; x_wconf 88' lang='lat' dir='ltr'><strong>the</strong></span> <span class='ocrx_word' id='word_1_295' title='bbox 2314 3304 2504 3357; x_wconf 82' lang='lat' dir='ltr'><strong>change</strong></span> 
     </span>
     <span class='ocr_line' id='line_1_32' title="bbox 270 3365 2502 3429; baseline -0.005 -2"><span class='ocrx_word' id='word_1_296' title='bbox 270 3385 350 3426; x_wconf 78' lang='lat'><strong>26.</strong></span> <span class='ocrx_word' id='word_1_297' title='bbox 384 3380 612 3426; x_wconf 72' lang='lat' dir='ltr'><strong>urbomt</strong></span> <span class='ocrx_word' id='word_1_298' title='bbox 629 3378 989 3429; x_wconf 76' lang='lat' dir='ltr'><strong>Tigranocerta.</strong></span> <span class='ocrx_word' id='word_1_299' title='bbox 1039 3384 1106 3419; x_wconf 77' lang='lat' dir='ltr'><strong>ex</strong></span> <span class='ocrx_word' id='word_1_300' title='bbox 1120 3383 1318 3427; x_wconf 67' lang='lat' dir='ltr'><strong>remo:</strong></span> <span class='ocrx_word' id='word_1_301' title='bbox 1402 3374 1458 3416; x_wconf 80' lang='lat' dir='ltr'><strong>of</strong></span> <span class='ocrx_word' id='word_1_302' title='bbox 1487 3376 1627 3416; x_wconf 77' lang='lat' dir='ltr'><strong>tense</strong></span> <span class='ocrx_word' id='word_1_303' title='bbox 1655 3372 1785 3415; x_wconf 75' lang='lat' dir='ltr'><strong>from</strong></span> <span class='ocrx_word' id='word_1_304' title='bbox 1816 3371 1928 3415; x_wconf 90' lang='lat' dir='ltr'><strong>that</strong></span> <span class='ocrx_word' id='word_1_305' title='bbox 1959 3371 2014 3415; x_wconf 77' lang='lat' dir='ltr'><strong>ot</strong></span> <span class='ocrx_word' id='word_1_306' title='bbox 2043 3365 2330 3423; x_wconf 72' lang='lat' dir='ltr'><strong>colleoermtt.</strong></span> <span class='ocrx_word' id='word_1_307' title='bbox 2395 3371 2502 3416; x_wconf 81' lang='lat' dir='ltr'><strong>hoc</strong></span> 
     </span>
     <span class='ocr_line' id='line_1_33' title="bbox 203 3436 2501 3494; baseline -0.006 -1"><span class='ocrx_word' id='word_1_308' title='bbox 203 3448 329 3492; x_wconf 85' lang='lat' dir='ltr'><strong>used</strong></span> <span class='ocrx_word' id='word_1_309' title='bbox 378 3446 578 3492; x_wconf 81' lang='lat' dir='ltr'><strong>instead</strong></span> <span class='ocrx_word' id='word_1_310' title='bbox 625 3446 679 3488; x_wconf 81' lang='lat' dir='ltr'><strong>oi</strong></span> <span class='ocrx_word' id='word_1_311' title='bbox 725 3456 757 3488; x_wconf 88' lang='lat' dir='ltr'><strong>a</strong></span> <span class='ocrx_word' id='word_1_312' title='bbox 805 3443 1019 3494; x_wconf 82' lang='lat' dir='ltr'><strong>genitive</strong></span> <span class='ocrx_word' id='word_1_313' title='bbox 1068 3446 1122 3485; x_wconf 94' lang='lat' dir='ltr'><strong>to</strong></span> <span class='ocrx_word' id='word_1_314' title='bbox 1169 3442 1318 3485; x_wconf 87' lang='lat' dir='ltr'><strong>make</strong></span> <span class='ocrx_word' id='word_1_315' title='bbox 1401 3441 1506 3483; x_wconf 70' lang='lat' dir='ltr'><strong>tice</strong></span> <span class='ocrx_word' id='word_1_316' title='bbox 1588 3438 1880 3492; x_wconf 78' lang='lat' dir='ltr'><strong>pleonastic3</strong></span> <span class='ocrx_word' id='word_1_317' title='bbox 1919 3436 2025 3482; x_wconf 84' lang='lat' dir='ltr'><strong>also</strong></span> <span class='ocrx_word' id='word_1_318' title='bbox 2062 3437 2161 3490; x_wconf 75' lang='lat' dir='ltr'><strong>tere</strong></span> <span class='ocrx_word' id='word_1_319' title='bbox 2198 3438 2357 3484; x_wconf 73' lang='lat' dir='ltr'><strong>colere.</strong></span> <span class='ocrx_word' id='word_1_320' title='bbox 2432 3440 2501 3484; x_wconf 80' lang='lat' dir='ltr'><strong>ut</strong></span> 
     </span>
     <span class='ocr_line' id='line_1_34' title="bbox 204 3503 2498 3568; baseline -0.004 -9"><span class='ocrx_word' id='word_1_321' title='bbox 204 3517 492 3568; x_wconf 76' lang='lat' dir='ltr'><strong>prominent</strong></span> <span class='ocrx_word' id='word_1_322' title='bbox 527 3512 614 3556; x_wconf 87' lang='lat' dir='ltr'><strong>the</strong></span> <span class='ocrx_word' id='word_1_323' title='bbox 644 3512 747 3555; x_wconf 77' lang='lat' dir='ltr'><strong>fact</strong></span> <span class='ocrx_word' id='word_1_324' title='bbox 781 3508 892 3553; x_wconf 88' lang='lat' dir='ltr'><strong>that</strong></span> <span class='ocrx_word' id='word_1_325' title='bbox 925 3512 1015 3551; x_wconf 90' lang='lat' dir='ltr'><strong>out</strong></span> <span class='ocrx_word' id='word_1_326' title='bbox 1047 3508 1100 3551; x_wconf 78' lang='lat' dir='ltr'><strong>oi</strong></span> <span class='ocrx_word' id='word_1_327' title='bbox 1132 3507 1198 3551; x_wconf 90' lang='lat' dir='ltr'><strong>all</strong></span> <span class='ocrx_word' id='word_1_328' title='bbox 1229 3507 1316 3551; x_wconf 88' lang='lat' dir='ltr'><strong>the</strong></span> <span class='ocrx_word' id='word_1_329' title='bbox 1405 3535 1420 3549; x_wconf 91' lang='lat'><strong>.</strong></span> <span class='ocrx_word' id='word_1_330' title='bbox 1460 3535 1476 3550; x_wconf 91' lang='lat'><strong>.</strong></span> <span class='ocrx_word' id='word_1_331' title='bbox 1515 3535 1530 3550; x_wconf 93' lang='lat'><strong>.</strong></span> <span class='ocrx_word' id='word_1_332' title='bbox 1564 3504 1858 3550; x_wconf 71' lang='lat' dir='ltr'><strong>adliciantz</strong></span> <span class='ocrx_word' id='word_1_333' title='bbox 1908 3504 1961 3548; x_wconf 89' lang='lat' dir='ltr'><strong>in</strong></span> <span class='ocrx_word' id='word_1_334' title='bbox 1994 3504 2276 3559; x_wconf 86' lang='lat' dir='ltr'><strong>apposition</strong></span> <span class='ocrx_word' id='word_1_335' title='bbox 2311 3508 2366 3548; x_wconf 91' lang='lat' dir='ltr'><strong>to</strong></span> <span class='ocrx_word' id='word_1_336' title='bbox 2396 3503 2498 3557; x_wconf 75' lang='lat' dir='ltr'><strong>hoc.</strong></span> 
     </span>
     <span class='ocr_line' id='line_1_35' title="bbox 204 3571 2500 3633; baseline -0.004 -7"><span class='ocrx_word' id='word_1_337' title='bbox 204 3581 448 3633; x_wconf 76' lang='lat' dir='ltr'><strong>kingdom</strong></span> <span class='ocrx_word' id='word_1_338' title='bbox 471 3577 705 3624; x_wconf 78' lang='lat' dir='ltr'><strong>Lucullus</strong></span> <span class='ocrx_word' id='word_1_339' title='bbox 724 3576 825 3620; x_wconf 88' lang='lat' dir='ltr'><strong>had</strong></span> <span class='ocrx_word' id='word_1_340' title='bbox 846 3573 1086 3628; x_wconf 82' lang='lat' dir='ltr'><strong>captured</strong></span> <span class='ocrx_word' id='word_1_341' title='bbox 1107 3573 1200 3617; x_wconf 92' lang='lat' dir='ltr'><strong>but</strong></span> <span class='ocrx_word' id='word_1_342' title='bbox 1221 3585 1316 3618; x_wconf 89' lang='lat' dir='ltr'><strong>one</strong></span> <span class='ocrx_word' id='word_1_343' title='bbox 1400 3571 1435 3618; x_wconf 91' lang='lat'><strong>1.</strong></span> <span class='ocrx_word' id='word_1_344' title='bbox 1479 3573 1557 3617; x_wconf 85' lang='grc'><strong>33.</strong></span> <span class='ocrx_word' id='word_1_345' title='bbox 1589 3580 1592 3583; x_wconf 67' lang='grc'>“</span> <span class='ocrx_word' id='word_1_346' title='bbox 1632 3580 1852 3616; x_wconf 83' lang='lat' dir='ltr'><strong>eorum:</strong></span> <span class='ocrx_word' id='word_1_347' title='bbox 1932 3581 2003 3616; x_wconf 80' lang='lat' dir='ltr'><strong>ac.</strong></span> <span class='ocrx_word' id='word_1_348' title='bbox 2043 3581 2170 3622; x_wconf 65' lang='lat' dir='ltr'><strong>opes.</strong></span> <span class='ocrx_word' id='word_1_349' title='bbox 2244 3572 2314 3616; x_wconf 81' lang='lat' dir='ltr'><strong>ut</strong></span> <span class='ocrx_word' id='word_1_350' title='bbox 2357 3599 2375 3616; x_wconf 90' lang='grc'><strong>.</strong></span> <span class='ocrx_word' id='word_1_351' title='bbox 2420 3599 2437 3616; x_wconf 88' lang='grc'><strong>.</strong></span> <span class='ocrx_word' id='word_1_352' title='bbox 2482 3599 2500 3615; x_wconf 88' lang='grc'><strong>.</strong></span> 
     </span>
     <span class='ocr_line' id='line_1_36' title="bbox 203 3637 2217 3701; baseline -0.005 -9"><span class='ocrx_word' id='word_1_353' title='bbox 203 3649 324 3701; x_wconf 79' lang='lat' dir='ltr'><strong>city,</strong></span> <span class='ocrx_word' id='word_1_354' title='bbox 354 3649 512 3691; x_wconf 84' lang='lat' dir='ltr'><strong>hence</strong></span> <span class='ocrx_word' id='word_1_355' title='bbox 539 3647 652 3689; x_wconf 87' lang='lat' dir='ltr'><strong>that</strong></span> <span class='ocrx_word' id='word_1_356' title='bbox 680 3644 819 3688; x_wconf 81' lang='lat' dir='ltr'><strong>there</strong></span> <span class='ocrx_word' id='word_1_357' title='bbox 842 3653 945 3686; x_wconf 79' lang='lat' dir='ltr'><strong>was</strong></span> <span class='ocrx_word' id='word_1_358' title='bbox 969 3641 1121 3685; x_wconf 89' lang='lat' dir='ltr'><strong>much</strong></span> <span class='ocrx_word' id='word_1_359' title='bbox 1146 3643 1232 3694; x_wconf 76' lang='lat' dir='ltr'><strong>yet</strong></span> <span class='ocrx_word' id='word_1_360' title='bbox 1259 3643 1314 3683; x_wconf 89' lang='lat' dir='ltr'><strong>to</strong></span> <span class='ocrx_word' id='word_1_361' title='bbox 1398 3639 1684 3683; x_wconf 74' lang='lat' dir='ltr'><strong>videatur:</strong></span> <span class='ocrx_word' id='word_1_362' title='bbox 1742 3638 1818 3681; x_wconf 79' lang='lat' dir='ltr'><strong>‘so</strong></span> <span class='ocrx_word' id='word_1_363' title='bbox 1846 3638 1957 3682; x_wconf 87' lang='lat' dir='ltr'><strong>that</strong></span> <span class='ocrx_word' id='word_1_364' title='bbox 1970 3637 2217 3683; x_wconf 82' lang='lat' dir='ltr'><strong>’—result.</strong></span> 
     </span>
     <span class='ocr_line' id='line_1_37' title="bbox 204 3702 2500 3767; baseline -0.004 -9"><span class='ocrx_word' id='word_1_365' title='bbox 204 3714 268 3759; x_wconf 86' lang='lat' dir='ltr'><strong>be</strong></span> <span class='ocrx_word' id='word_1_366' title='bbox 291 3715 439 3758; x_wconf 88' lang='lat' dir='ltr'><strong>done.</strong></span> <span class='ocrx_word' id='word_1_367' title='bbox 495 3711 718 3767; x_wconf 67' lang='lat' dir='ltr'><strong>pronun</strong></span> <span class='ocrx_word' id='word_1_368' title='bbox 736 3739 752 3755; x_wconf 87' lang='lat'><strong>.</strong></span> <span class='ocrx_word' id='word_1_369' title='bbox 778 3740 794 3756; x_wconf 89' lang='lat'><strong>.</strong></span> <span class='ocrx_word' id='word_1_370' title='bbox 822 3740 838 3757; x_wconf 90' lang='lat'><strong>.</strong></span> <span class='ocrx_word' id='word_1_371' title='bbox 859 3708 1145 3754; x_wconf 72' lang='lat' dir='ltr'><strong>secundm</strong></span> <span class='ocrx_word' id='word_1_372' title='bbox 1193 3705 1313 3750; x_wconf 84' lang='lat' dir='ltr'><strong>‘had</strong></span> <span class='ocrx_word' id='word_1_373' title='bbox 1462 3707 1539 3750; x_wconf 82' lang='grc'><strong>39.</strong></span> <span class='ocrx_word' id='word_1_374' title='bbox 1585 3714 1674 3749; x_wconf 68' lang='grc' dir='ltr'><strong>σοι</strong></span> <span class='ocrx_word' id='word_1_375' title='bbox 1762 3704 2021 3757; x_wconf 83' lang='lat' dir='ltr'><strong>explained</strong></span> <span class='ocrx_word' id='word_1_376' title='bbox 2077 3706 2148 3757; x_wconf 79' lang='lat' dir='ltr'><strong>by</strong></span> <span class='ocrx_word' id='word_1_377' title='bbox 2192 3705 2281 3749; x_wconf 86' lang='lat' dir='ltr'><strong>the</strong></span> <span class='ocrx_word' id='word_1_378' title='bbox 2334 3702 2500 3749; x_wconf 78' lang='lat' dir='ltr'><strong>clauae</strong></span> 
     </span>
     <span class='ocr_line' id='line_1_38' title="bbox 204 3770 2497 3835; baseline -0.005 -9"><span class='ocrx_word' id='word_1_379' title='bbox 204 3780 419 3835; x_wconf 79' lang='lat' dir='ltr'><strong>enjoyed</strong></span> <span class='ocrx_word' id='word_1_380' title='bbox 457 3790 593 3823; x_wconf 82' lang='lat' dir='ltr'><strong>some</strong></span> <span class='ocrx_word' id='word_1_381' title='bbox 627 3776 904 3822; x_wconf 67' lang='lat' dir='ltr'><strong>successes!</strong></span> <span class='ocrx_word' id='word_1_382' title='bbox 1399 3771 1452 3814; x_wconf 76' lang='lat' dir='ltr'><strong>ut</strong></span> <span class='ocrx_word' id='word_1_383' title='bbox 1496 3802 1510 3816; x_wconf 94' lang='lat'><strong>.</strong></span> <span class='ocrx_word' id='word_1_384' title='bbox 1554 3802 1569 3817; x_wconf 91' lang='lat'><strong>.</strong></span> <span class='ocrx_word' id='word_1_385' title='bbox 1612 3802 1628 3816; x_wconf 91' lang='lat'><strong>.</strong></span> <span class='ocrx_word' id='word_1_386' title='bbox 1671 3772 1926 3823; x_wconf 65' lang='lat' dir='ltr'><strong>euinceret,</strong></span> <span class='ocrx_word' id='word_1_387' title='bbox 1970 3770 2129 3815; x_wconf 84' lang='lat' dir='ltr'><strong>which</strong></span> <span class='ocrx_word' id='word_1_388' title='bbox 2169 3771 2213 3815; x_wconf 77' lang='lat' dir='ltr'><strong>ia</strong></span> <span class='ocrx_word' id='word_1_389' title='bbox 2254 3770 2401 3814; x_wconf 83' lang='lat' dir='ltr'><strong>made</strong></span> <span class='ocrx_word' id='word_1_390' title='bbox 2442 3775 2497 3814; x_wconf 85' lang='lat' dir='ltr'><strong>to</strong></span> 
     </span>
     <span class='ocr_line' id='line_1_39' title="bbox 270 3837 2494 3899; baseline -0.006 -6"><span class='ocrx_word' id='word_1_391' title='bbox 270 3851 347 3893; x_wconf 88' lang='grc'><strong>27.</strong></span> <span class='ocrx_word' id='word_1_392' title='bbox 379 3846 829 3899; x_wconf 60' lang='lat' dir='ltr'><strong>longinquitate:</strong></span> <span class='ocrx_word' id='word_1_393' title='bbox 965 3843 1129 3886; x_wconf 83' lang='lat' dir='ltr'><strong>cicero</strong></span> <span class='ocrx_word' id='word_1_394' title='bbox 1198 3850 1312 3892; x_wconf 76' lang='lat' dir='ltr'><strong>says</strong></span> <span class='ocrx_word' id='word_1_395' title='bbox 1398 3837 1592 3890; x_wconf 87' lang='lat' dir='ltr'><strong>depend</strong></span> <span class='ocrx_word' id='word_1_396' title='bbox 1625 3848 1691 3880; x_wconf 90' lang='lat' dir='ltr'><strong>on</strong></span> <span class='ocrx_word' id='word_1_397' title='bbox 1724 3838 1955 3881; x_wconf 75' lang='lat' dir='ltr'><strong>acciderat</strong></span> <span class='ocrx_word' id='word_1_398' title='bbox 1986 3837 2180 3882; x_wconf 84' lang='lat' dir='ltr'><strong>instead</strong></span> <span class='ocrx_word' id='word_1_399' title='bbox 2213 3837 2267 3880; x_wconf 71' lang='lat' dir='ltr'><strong>ot</strong></span> <span class='ocrx_word' id='word_1_400' title='bbox 2299 3847 2366 3880; x_wconf 89' lang='lat' dir='ltr'><strong>on</strong></span> <span class='ocrx_word' id='word_1_401' title='bbox 2397 3847 2494 3880; x_wconf 62' lang='lat' dir='ltr'><strong>nov</strong></span> 
     </span>
     <span class='ocr_line' id='line_1_40' title="bbox 205 3903 2255 3967; baseline -0.005 -10"><span class='ocrx_word' id='word_1_402' title='bbox 205 3916 418 3965; x_wconf 77' lang='lat' dir='ltr'><strong>nothing</strong></span> <span class='ocrx_word' id='word_1_403' title='bbox 449 3914 603 3957; x_wconf 88' lang='lat' dir='ltr'><strong>about</strong></span> <span class='ocrx_word' id='word_1_404' title='bbox 636 3911 724 3956; x_wconf 89' lang='lat' dir='ltr'><strong>the</strong></span> <span class='ocrx_word' id='word_1_405' title='bbox 753 3911 965 3963; x_wconf 77' lang='lat' dir='ltr'><strong>mutiny.</strong></span> <span class='ocrx_word' id='word_1_406' title='bbox 999 3909 1052 3952; x_wconf 87' lang='lat' dir='ltr'><strong>in</strong></span> <span class='ocrx_word' id='word_1_407' title='bbox 1082 3907 1225 3952; x_wconf 87' lang='lat' dir='ltr'><strong>order</strong></span> <span class='ocrx_word' id='word_1_408' title='bbox 1256 3910 1309 3950; x_wconf 88' lang='grc' dir='ltr'><strong>ιο</strong></span> <span class='ocrx_word' id='word_1_409' title='bbox 1393 3905 1489 3956; x_wconf 79' lang='lat' dir='ltr'><strong>tuit</strong></span> <span class='ocrx_word' id='word_1_410' title='bbox 1510 3905 1770 3967; x_wconf 70' lang='lat' dir='ltr'><strong>contcrttusz</strong></span> <span class='ocrx_word' id='word_1_411' title='bbox 1792 3913 1872 3948; x_wconf 77' lang='lat' dir='ltr'><strong>aee</strong></span> <span class='ocrx_word' id='word_1_412' title='bbox 1893 3913 1960 3946; x_wconf 88' lang='lat' dir='ltr'><strong>on</strong></span> <span class='ocrx_word' id='word_1_413' title='bbox 1983 3903 2081 3948; x_wconf 88' lang='lat'><strong>111.</strong></span> <span class='ocrx_word' id='word_1_414' title='bbox 2104 3907 2155 3948; x_wconf 73' lang='grc' dir='ltr'><strong>ο.</strong></span> <span class='ocrx_word' id='word_1_415' title='bbox 2181 3905 2255 3948; x_wconf 88' lang='grc'><strong>12.</strong></span> 
     </span>
    </p>
   </div>
  </div>
 </body>
</html>
