2913 4338
1005 276 1107 330 DE
1167 276 1487 331 IMPERIO
1542 276 1659 331 ΟΝ.
1720 276 2001 331 POMPEI

250 272 373 335 204

349 455 520 497 nunc
576 434 963 515 intellegunt
1013 445 1145 499 non
1195 436 1332 498 sine
1383 444 1582 499 causa
1630 435 1905 509 maiores
1954 444 2105 498 suos
2156 433 2320 510 tum,
2374 455 2524 497 cum
2573 442 2660 499 ea

349 535 789 613 temperantia
834 535 1258 614 magistratus
1304 536 1728 612 habebamus,
1776 544 2015 597 servire
2058 533 2303 615 populo
2348 534 2656 597 Romans>

254 647 318 695 20
349 654 548 715 quam
588 635 904 714 imperare
943 634 1084 697 aliis
1123 634 1444 697 maluisse.
1535 635 1680 697 Iam
1719 643 1875 697 vers)
1913 634 2008 697 ita
2045 633 2266 696 faciles
2305 632 2526 695 aditus
2565 634 2654 696 ad

347 751 498 795 eum
545 739 975 814 privatorum,
1026 734 1124 798 ita
1170 733 1409 798 liberae
1458 734 1900 815 querimoniae
1949 734 2031 797 da
2078 733 2352 796 aliorum
2401 732 2654 795 iniuriis

348 853 485 896 esse
516 833 841 910 dicuntur,
875 839 953 897 ut
983 834 1056 911 is,
1091 842 1205 915 qui
1240 834 1557 914 dignitate
1586 834 1988 915 principibus
2018 832 2295 909 excellit,
2331 832 2653 895 facilitate

347 933 586 995 infimis
635 943 755 1014 par
805 953 943 996 esse
993 934 1313 997 videatur.

350 1033 604 1097 dicendi
645 1034 970 1113 gravitate
1012 1040 1082 1097 et
1124 1034 1312 1113 copia
1353 1033 1592 1110 valeat,
1638 1034 1707 1095 in
1749 1043 1882 1113 qua
1923 1032 2066 1113 ipso
2107 1032 2277 1095 inest
2319 1031 2652 1116 quaedam

252 1150 316 1193 25
349 1132 634 1211 dignitas
698 1132 1136 1214 imperatoria,
1204 1141 1322 1195 vas
1385 1132 1691 1210 Quirites,
1758 1132 1878 1195 hoc
1932 1132 2074 1211 ipso
2123 1152 2206 1194 ex
2256 1131 2398 1195 loco
2452 1150 2651 1211 saepe

349 1233 759 1313 cognovistis.
849 1233 1074 1295 Fidem
1116 1243 1272 1297 vero
1311 1231 1449 1295 eius
1489 1239 1809 1313 quantam
1852 1232 2023 1295 inter
2050 1237 2261 1297 socios
2286 1231 2652 1294 existimari

348 1333 618 1414 putatiS,
671 1353 872 1413 quam
921 1334 1141 1396 hostas
1189 1343 1413 1397 omnes
1463 1332 1761 1395 omnium·
1803 1352 2112 1413 generum
2162 1331 2649 1394 sanctissimam

349 1432 734 1495 indicarint?
818 1433 1252 1496 Humanitate
1297 1432 1427 1495 iam
1475 1438 1668 1495 tanta
1711 1437 1831 1507 est,
1878 1438 1958 1495 ut
2003 1431 2258 1494 difficile
2305 1430 2486 1493 dictu
2533 1431 2645 1507 sit,

351 1537 573 1594 utrum
617 1533 840 1598 hostes
883 1534 1088 1613 magis
1150 1534 1497 1596 virtutem·
1528 1532 1667 1594 eius
1725 1538 2094 1615 pugnantes
2156 1531 2495 1594 timuerint
2559 1551 2648 1593 an

251 1649 318 1694 30
350 1634 915 1696 mansuatfidinem
948 1634 1109 1696 victi
1140 1632 1502 1696 dilexerint.
1594 1634 1683 1695 Et
1713 1633 2060 1714 quisquam
2093 1631 2446 1706 dubitabit,
2481 1641 2647 1712 quin

347 1732 496 1795 huic
547 1733 668 1796 hoc
720 1738 983 1797 tantum
1034 1733 1276 1796 bellum
1327 1732 1909 1796 transmittendum
1959 1732 2066 1809 sit,
2119 1741 2234 1813 qui
2285 1731 2370 1794 ad
2421 1731 2648 1794 omnia

348 1838 608 1896 nostrae
665 1835 1011 1896 memoriae
1068 1833 1237 1897 bella
1293 1833 1694 1896 conficienda
1751 1832 1975 1895 divina
2030 1831 2317 1913 quadam
2375 1830 2646 1895 cansilia

314 2010 317 2013 Α
347 1940 545 1996 natus
572 1954 710 1996 esse
741 1933 1078 1997 videatur?

1403 935 1548 996 Iam
1600 940 1925 1015 quantum
1978 932 2262 1009 cansilia,
2317 938 2649 1013 quantum
2670 933 2758 995 42

428 2033 534 2097 15.
580 2034 670 2097 Et
712 2034 1023 2114 quoniam
1067 2034 1422 2098 aucteritas
1466 2054 1725 2115 quoque
1768 2033 1836 2096 in
1877 2033 2060 2097 bellis
2104 2032 2642 2096 administrandis
2661 2035 2749 2096 43

344 2134 626 2197 multum
669 2139 868 2215 atque
907 2133 975 2196 in
1013 2119 1282 2216 imperio
1321 2133 1592 2197 militari·
1626 2133 1823 2209 valet,
1867 2140 2039 2198 certa
2078 2133 2322 2197 nemini
2362 2132 2642 2197 dubium

340 2242 461 2311 est,
511 2244 669 2314 quin
714 2244 794 2298 ea
835 2244 906 2299 ra
949 2235 1120 2298 idem
1167 2234 1272 2297 ille
1317 2235 1672 2315 imperator
1716 2235 2070 2315 plurimum
2115 2234 2341 2314 possit.
2430 2233 2644 2296 Vehe-

343 2340 594 2397 menter
635 2341 860 2400 autem
900 2335 1221 2417 pertinere
1265 2335 1349 2398 ad
1391 2336 1564 2399 bella
1608 2334 2143 2410 administranda,
2190 2333 2350 2415 quid
2392 2334 2637 2410 hostes,

343 2544 501 2587 were)
552 2544 680 2588 hac:
720 2544 875 2595 ‘thia'
898 2544 1018 2587 ‘this
1036 2544 1228 2587 man's.'
1266 2544 1440 2596 quod:

346 2610 398 2652 ‘a
424 2611 524 2653 fact
551 2611 743 2655 which!
801 2612 921 2654 iam
944 2610 1265 2654 videbam-z
1318 2611 1441 2654 ‘was

342 2676 599 2729 gradually
623 2677 888 2728 beginning
911 2681 965 2719 to
989 2676 1204 2729 appear.'
1252 2676 1441 2721 lucem

341 2743 578 2787 adferre:
630 2744 707 2786 for
731 2744 963 2794 meaning
987 2754 1067 2786 see
1091 2754 1157 2787 on
1182 2743 1332 2786 lucem
1356 2745 1441 2786 ad-

338 2809 473 2861 ferre,
505 2811 582 2852 12.
612 2812 686 2853 22.

407 2878 480 2920 19.
514 2877 739 2920 serviro:
781 2875 865 2921 ‘be
883 2877 1076 2928 subject
1097 2877 1185 2920 to!
1238 2876 1364 2920 How
1397 2877 1439 2920 is

339 2942 455 2987 alii-s
480 2943 751 2993 governed?
1057 2972 1063 2977 -

404 3011 572 3053 20-22.
606 3009 730 3053 Iam
753 3017 907 3054 vero:
954 3010 1031 3053 for
1052 3020 1140 3054 use
1161 3010 1226 3055 cf.
1253 3011 1332 3054 1⁸.
1357 3012 1436 3054 33.

337 3073 701 3119 liberte=non
749 3075 1018 3127 impeditae,
1076 3075 1436 3120 ‘unhindered.’

338 3142 438 3193 qui
474 3171 488 3185 .
523 3172 538 3186 .
573 3172 587 3186 .
619 3141 860 3187 excellit:
923 3142 1135 3194 ‘though
1165 3142 1436 3194 excelling!

338 3205 633 3252 facultate:
690 3209 1072 3262 ‘accessibility.’

403 3276 570 3318 23—26.
604 3276 891 3328 Quantum
928 3304 943 3319 .
983 3305 998 3320 .
1037 3306 1052 3320 .
1077 3275 1288 3321 valeat:
1356 3287 1436 3320 see

337 3351 404 3383 on
427 3340 513 3384 IV.
538 3343 617 3386 10.
640 3343 686 3386 6.
741 3343 995 3388 commo:
1042 3342 1435 3386 ‘statesmanlike

336 3405 553 3456 insight.r
608 3409 827 3453 dicendi
856 3440 870 3454 .
899 3440 914 3454 .
942 3439 958 3454 .
981 3411 1163 3461 copia:
1211 3409 1434 3460 ‘impres-

337 3472 441 3516 sive
461 3473 561 3516 and
583 3474 735 3518 fluent
758 3476 968 3528 speech!
1023 3476 1101 3519 All
1123 3475 1261 3520 these
1281 3478 1435 3519 termo

337 3549 421 3581 are
443 3539 494 3581 in
517 3542 757 3585 reference
780 3545 834 3585 to
856 3542 1062 3594 invenio,
1090 3544 1168 3586 18.
1191 3544 1239 3586 8.
1296 3551 1432 3594 quo:

336 3609 523 3656 neuter,
561 3607 612 3650 ‘a
644 3608 836 3660 quality
864 3609 918 3652 in
950 3608 1145 3659 which;'
1177 3608 1264 3653 the
1294 3613 1434 3652 ante-

336 3671 510 3715 cedent
550 3672 592 3715 is
631 3673 832 3718 dicendi.
903 3675 1048 3726 ωεστ
1130 3675 1202 3718 ‘in
1242 3674 1342 3718 and
1382 3675 1437 3718 of

331 3737 501 3788 itselt,'
532 3739 621 3790 ‘by
645 3740 712 3783 its
740 3750 859 3792 very
886 3741 1096 3785 nature!
1155 3742 1260 3785 hoo
1287 3741 1433 3786 loeo:

335 3803 423 3849 the
471 3808 631 3848 rostra·
667 3806 827 3850 where
877 3808 1096 3859 Pompey
1144 3808 1282 3850 often
1332 3807 1431 3851 had

334 3870 540 3948 spoken3
590 3871 806 3916 Fidem:
851 3873 926 3917 ‘as
947 3875 1002 3915 to
1022 3873 1098 3916 his
1119 3873 1245 3924 good
1265 3873 1432 3923 saith?

1526 2544 1577 2587 in
1620 2543 1869 2595 emphatic
1912 2542 2149 2594 position:
2202 2543 2266 2586 ct.
2310 2543 2420 2585 illos
2465 2544 2519 2586 in
2563 2543 2636 2588 11.

1528 2611 1608 2653 12.
1634 2613 1707 2654 14.

1591 2679 1760 2721 28-30.
1792 2677 1937 2720 iam:
2040 2676 2267 2720 crowded
2319 2680 2407 2720 out
2461 2678 2516 2720 of
2567 2678 2661 2724 ita.

1524 2744 1718 2794 regular
1747 2740 1962 2796 position
1993 2747 2049 2786 to
2080 2742 2191 2794 give
2223 2743 2538 2787 Humanam
2568 2755 2637 2787 an

1524 2809 1776 2863 emphatic
1807 2810 1962 2861 place.
2031 2810 2100 2854 Bt
2133 2809 2441 2860 quitquam
2474 2810 2637 2854 dubi-

1523 2876 1696 2920 tabit:
1754 2875 1871 2919 ‘will
1900 2887 2000 2928 any
2026 2886 2122 2919 one
2148 2874 2249 2918 stili
2277 2875 2435 2918 doubt
2446 2875 2475 2926 ‚'
2503 2877 2638 2927 quiz·

1523 2953 1666 2994 quam
1702 2943 1745 2986 is
1783 2941 2039 2986 allowable
2077 2942 2286 2986 because
2324 2943 2377 2985 of
2415 2942 2502 2986 the
2539 2944 2636 2986 im-

1523 3009 1655 3061 plied
1685 3010 1915 3060 negative
1945 3019 2133 3052 answer
2165 3010 2244 3058 (A.
2270 3010 2386 3057 3123
2434 3008 2495 3053 B.
2522 3012 2632 3060 252,

1524 3078 1572 3125 4;
1610 3075 1675 3119 H.
1711 3077 1824 3125 513:
1858 3074 2009 3119 H.-B.
2046 3077 2152 3124 276.
2191 3075 2259 3125 7).
2327 3076 2470 3127 quin
2507 3105 2524 3120 .
2562 3105 2578 3120 .
2617 3106 2634 3121 .

1520 3142 1619 3186 tit:
1675 3153 1754 3185 see
1782 3142 1840 3186 A.
1871 3144 1977 3192 558.
2008 3153 2059 3190 a:
2090 3141 2148 3186 B.
2178 3143 2293 3191 298.-
2319 3141 2383 3186 H.
2415 3144 2525 3192 094.
2557 3141 2637 3193 11:

1522 3211 1627 3257 595.
1664 3211 1710 3258 1:
1741 3208 1889 3253 H.-B.
1919 3211 2034 3260 519:
2062 3210 2106 3258 4.
2139 3208 2187 3252 b.

1589 3342 1736 3385 Third
1762 3341 2429 3385 subdivision—Auctoritas:
2490 3342 2634 3386 Pom-

1521 3409 1653 3460 pey's
1727 3409 1962 3460 innuence
2037 3408 2230 3452 without
2304 3419 2336 3451 a
2412 3410 2631 3461 parallel.

1523 3475 1754 3526 §543-46.

1584 3538 1674 3590 15.
1708 3544 1753 3591 3,
1783 3545 1827 3586 4.
1861 3551 1927 3585 oa
1968 3549 2051 3586 ro:
2138 3542 2212 3585 ‘in
2268 3541 2369 3586 this
2399 3542 2633 3595 respect!

1518 3607 1836 3660 plurimum
1871 3609 2073 3660 ponit:
2147 3609 2212 3654 ci.
2249 3610 2454 3653 muttum
2491 3610 2630 3661 valet.

1517 3674 1551 3719 l.
1587 3677 1632 3718 2.
1666 3674 1766 3718 and
1798 3685 1878 3718 see
1910 3686 1976 3718 on
2010 3677 2086 3721 14.
2122 3676 2199 3720 23.
2266 3676 2362 3719 For
2393 3676 2544 3719 mood
2578 3678 2635 3720 οε

1517 3742 1669 3793 possit
1715 3742 1778 3786 ct.
1818 3742 1938 3794 quin
1967 3773 1982 3784 .
2017 3774 2030 3787 .
2065 3774 2079 3788 .
2111 3743 2189 3793 sit.
2222 3743 2301 3786 14.
2321 3744 2400 3787 30.
2458 3742 2635 3787 Vehe-

1520 3809 1744 3853 menter
1784 3838 1798 3852 .
1841 3837 1857 3852 .
1898 3838 1912 3852 .
1950 3809 2046 3853 ad:
2123 3810 2256 3851 'that
2293 3808 2333 3852 it
2372 3810 2414 3852 is
2453 3809 2507 3852 of
2543 3810 2635 3854 tho

1519 3879 1733 3924 greatest
1766 3875 2075 3928 importance
2106 3875 2217 3920 τοι-3
2282 3875 2386 3919 The
2416 3875 2634 3922 indirect
