2913 4338
301 263 428 327 256
972 255 1832 317 mQVERREMAcrIo
1886 255 2129 312 PRIMA

486 439 578 501 At
623 435 797 500 enim
847 436 1006 498 haec
1054 435 1152 498 ita
1199 434 1545 498 commissa
1591 438 1749 495 sunt
1796 432 1880 495 ab
1929 431 2076 501 isto,
2126 438 2205 496 ut
2250 441 2384 495 non
2430 434 2806 513 cognital5

402 537 538 601 sint
603 538 687 601 ab
739 535 1147 601 hominibus?
1231 534 1584 598 Hominem
1653 532 1933 596 arbitror
1979 550 2118 594 esee
2182 532 2527 608 neminem,
2579 542 2704 613 qui

401 647 643 701 nomen
690 635 879 699 istius
930 634 1228 711 audierit,
1281 641 1443 715 quin
1493 633 1673 696 facta
1721 650 1983 713 quoque
2031 631 2170 693 eius
2219 632 2468 695 nefaria
2520 654 2702 696 com-

304 756 372 801 ao
402 747 759 801 memorare
810 735 1044 817 possim
1099 740 1179 797 ut
1231 733 1392 796 mihi
1446 733 1656 813 magis
1726 731 2093 795 timendum
2162 732 2268 807 sit,
2325 737 2410 795 n'e
2485 734 2704 797 multa

403 838 675 901 crimina
717 836 1257 918 praetermittere,
1305 853 1509 915 quam
1553 842 1639 896 ne
1683 852 1818 913 qua
1859 832 1932 894 in
1973 832 2174 895 istum
2219 833 2477 912 fingere,
2529 844 2704 897 exis-

405 938 614 1001 timer.
722 936 950 1016 Neque
1004 935 1179 997 enim
1236 934 1397 996 mihi
1452 932 1716 996 videtur
1771 932 1931 995 haec
1973 931 2347 1009 multitudo,
2394 953 2566 1013 quae
2613 935 2703 997 ad

403 1037 800 1101 audiendum
846 1035 1172 1111 convenit,
1220 1042 1603 1113 cognoscere
1644 1052 1731 1095 ex
1773 1041 1879 1095 me
1922 1051 2186 1094 causam
2231 1032 2532 1109 voluisse,
2579 1035 2702 1097 sed

399 1157 498 1213 ea,
529 1156 699 1218 quae
726 1135 851 1199 scit
878 1144 1153 1210 mecum,
1182 1144 1658 1212 recognoscere.

481 1236 544 1301 6.
589 1236 772 1313 Quae
825 1255 975 1299 cum
1027 1234 1126 1297 ita
1175 1234 1328 1309 sint,
1382 1233 1527 1295 iste·
1561 1232 1760 1297 homo
1813 1241 2038 1295 amens
2090 1253 2165 1295 ac
2217 1232 2513 1313 perditus
2568 1234 2704 1298 alia

405 1346 660 1400 mecum
689 1336 942 1398 ratione
975 1339 1246 1414 pugnat.
1328 1332 1481 1395 Non
1511 1331 1581 1394 id
1611 1332 1766 1412 agit,
1814 1337 1892 1394 ut
1934 1331 2204 1394 alieuius
2245 1331 2694 1412 eloquentiam

403 1437 563 1499 mihi
610 1440 929 1517 opponam
976 1444 1113 1497 non
1155 1433 1386 1513 gratia,
1452 1441 1589 1495 non
1652 1431 2045 1495 auctoritate
2108 1430 2513 1512 cuiusquam,
2563 1444 2704 1497 non

401 1524 704 1619 potentia
753 1535 1004 1597 nititur.
1092 1533 1372 1598 Simulat
1421 1532 1525 1595 his
1573 1540 1645 1595 se
1692 1533 1888 1595 rebus
1937 1530 2279 1608 confidere,
2332 1531 2446 1595 sed
2503 1532 2702 1598 video

339 1657 373 1700 5
403 1635 563 1718 quid
627 1640 781 1715 agat
829 1635 1066 1714 (neque
1126 1633 1301 1696 enim
1365 1633 1504 1713 agit
1563 1629 2054 1704 occultissime»
2114 1633 2423 1713 proponit
2473 1634 2704 1699 inania

404 1736 565 1799 mihi
627 1734 1009 1811 nobilitatis,
1077 1734 1200 1797 hoc
1263 1738 1383 1809 est,
1449 1732 1790 1796 hominum
1857 1731 2331 1811 adrogantium,
2398 1736 2676 1798 nomina
2681 1756 2701 1813 ;

404 1845 519 1918 qui
553 1845 686 1898 non
719 1841 859 1899 tam
894 1843 1000 1897 me
1033 1833 1402 1915 Mpediunt
1433 1831 1614 1914 quod
1645 1831 1896 1896 nobiles
1927 1837 2102 1908 sunt,
2138 1852 2338 1913 quam
2374 1834 2704 1900 adiuvant

404 1935 581 2017 quod
626 1941 769 1998 noti
813 1940 987 1997 sunt.
1076 1933 1357 1998 Simulat
1398 1941 1471 1996 se
1514 1941 1740 1995 eorum
1783 1931 2105 2013 praesidio
2149 1932 2495 2010 confidere,
2544 1955 2702 1999 cum

402 2037 652 2099 interea
680 2034 857 2098 aliud
885 2033 1201 2115 quiddam
1228 2033 1361 2096 iam
1391 2032 1505 2096 din
1535 2031 1944 2096 machinetur

485 2135 698 2213 Quam
757 2154 939 2216 spem
997 2153 1170 2197 nunc
1229 2132 1474 2196 habeat
1528 2131 1601 2194 in
1656 2131 1977 2209 manibuS,
2035 2135 2107 2196 et
2161 2131 2323 2214 quid
2362 2133 2697 2214 moliatur,
2726 2142 2807 2204 16

401 2236 689 2300 breviter
722 2234 874 2312 iam,
905 2232 1168 2311 iudices,
1201 2235 1389 2297 vobis
1434 2242 1789 2313 exponam:
1834 2232 1949 2295 sed
1990 2231 2189 2314 priua,
2235 2238 2314 2296 ut
2368 2236 2453 2298 ab
2509 2235 2703 2300 initio

309 2155 372 2200 1·

406 2410 535 2456 been
600 2409 822 2456 renewed
870 2411 1016 2464 bya
1063 2410 1234 2455 recital
1281 2411 1334 2454 ot
1381 2409 1511 2454 their
1597 2409 1839 2454 daredto
1884 2409 1954 2453 let
2001 2408 2087 2453 the
2139 2414 2531 2455 caaecometo
2578 2412 2702 2457 trial

406 2490 618 2531 wrongs.
1596 2488 1661 2520 on
1689 2477 1758 2520 its
1786 2476 1970 2527 merita.
2001 2475 2102 2520 and
2130 2486 2185 2519 so
2215 2475 2526 2521 Hortensius’
2558 2483 2700 2530 great

471 2549 546 2591 27.
582 2547 679 2590 Ata
715 2545 1029 2596 introducing
1044 2546 1131 2589 the
1161 2548 1430 2588 statement
1456 2543 1512 2588 of
1596 2543 1781 2587 talenta
1821 2542 1921 2587 had
1961 2545 2052 2586 not
2093 2545 2178 2595 yet
2221 2541 2346 2585 been
2388 2543 2546 2588 called
2586 2546 2702 2589 into

407 2623 440 2656 a
464 2613 673 2666 possible
696 2612 944 2664 objection
980 2612 1064 2662 (ct.
1095 2612 1158 2655 M.
1184 2611 1239 2654 L.
1274 2613 1355 2655 17.
1385 2612 1456 2662 9).

471 2682 547 2724 29.
594 2679 880 2731 quin-qui
944 2689 1055 2729 non.
1111 2677 1425 2728 introducing
1476 2688 1507 2720 a

406 2746 772 2789 characteristic
798 2744 962 2788 clause
992 2747 1070 2795 (A.
1097 2747 1205 2795 559.
1233 2746 1284 2794 2;
1310 2744 1369 2790 Β.
1397 2745 1504 2794 283.

407 2816 459 2861 4:
503 2812 568 2856 H.
613 2814 718 2862 595.
767 2814 816 2861 4:
860 2811 1013 2855 H.-B.
1057 2814 1165 2862 521.
1212 2810 1280 2862 1).
1353 2810 1508 2854 tacta

406 2888 657 2931 quoque:
709 2878 809 2921 ‘his
832 2882 940 2922 acts
964 2879 1194 2922 too’—as
1217 2877 1326 2921 well
1350 2888 1407 2920 as
1429 2877 1507 2920 his

410 2957 571 2989 name.

471 3014 545 3063 33,
583 3015 662 3057 34.
697 3020 1024 3064 cognoscere
1062 3041 1078 3056 .
1116 3040 1132 3056 .
1169 3040 1186 3056 .
1218 3019 1508 3063 recognos-

409 3087 553 3123 cere:
631 3080 741 3123 ‘not
780 3083 834 3122 to
869 3078 1006 3122 learn
1041 3080 1169 3122 from
1205 3088 1286 3121 me
1321 3077 1412 3121 but
1451 3080 1506 3121 to

1595 2610 1728 2662 play.
1785 2610 1888 2654 The
1910 2619 2047 2653 same
2068 2608 2245 2662 phrase
2267 2620 2441 2653 occurs
2463 2611 2517 2654 in
2540 2614 2591 2656 8.
2621 2615 2698 2664 18.

1594 2687 1650 2720 as
1675 2677 1791 2720 does
1812 2677 1982 2728 uratia.
2014 2671 2257 2729 ‘personal
2282 2675 2461 2720 tavor!

1656 2745 1700 2793 5.
1732 2746 1778 2788 6.
1810 2743 2007 2787 inania
2035 2771 2052 2787 .
2084 2771 2101 2787 .
2132 2771 2148 2787 .
2178 2743 2441 2789 nomina:
2498 2744 2701 2800 ‘empty

1593 2821 1764 2853 names
1805 2811 1859 2854 of
1899 2809 2155 2861 highborn.
2201 2808 2314 2853 that
2359 2809 2432 2861 is„
2462 2816 2699 2865 arrogant

1593 2877 1740 2921 men!
1801 2877 1979 2927 Cicero,
2011 2875 2207 2920 himself
2236 2877 2288 2920 ot
2317 2878 2512 2922 modest
2542 2878 2699 2931 birth.

1592 2944 1736 2987 could
1753 2944 1883 2988 fawn
1898 2955 2031 2997 upon
2055 2942 2131 2986 his
2156 2943 2340 2987 betters
2362 2955 2429 2987 on
2451 2946 2698 2997 occasion,

1593 3010 1684 3053 but
1708 3009 1822 3055 here
1843 3011 2019 3064 speaks
2041 3009 2161 3055 thus
2183 3012 2622 3065 contemptuousiy
2645 3015 2703 3058 ot

1595 3077 1780 3121 Verres'
1838 3077 2144 3121 aristocratic
2203 3082 2489 3131 supportem
2546 3090 2605 3122 as
2666 3091 2701 3124 a

404 3145 554 3190 recall
578 3145 699 3189 with
724 3146 836 3190 me!

472 3279 552 3322 All
573 3279 708 3323 know
728 3278 805 3322 hic
825 3279 965 3331 main:
986 3278 1109 3331 from
1129 3278 1202 3321 the
1222 3279 1323 3331 first
1343 3278 1399 3322 he
1418 3277 1507 3320 hac

406 3345 615 3397 plannod
642 3346 688 3389 to
718 3346 945 3397 pun-chax
967 3345 1236 3395 immunitv.
1258 3342 1391 3396 3⁵15,
1429 3346 1503 3388 16.

471 3408 524 3460 Β.
558 3414 603 3456 2.
636 3420 753 3456 non
784 3412 844 3456 id
877 3412 1020 3464 agit:
1085 3411 1139 3455 id
1169 3411 1212 3454 is
1244 3410 1503 3464 explained

405 3476 477 3530 by
500 3478 567 3521 its
592 3479 884 3531 appositive,
914 3478 1001 3522 the
1026 3478 1099 3522 ut-
1124 3477 1303 3523 clause.
1358 3477 1504 3520 Rea!-

403 3544 537 3596 izing
587 3544 697 3589 that
751 3544 826 3589 his
877 3546 999 3598 gunt
1052 3555 1154 3590 was
1204 3544 1502 3597 universally

405 3610 586 3655 known
614 3612 783 3657 Verres
809 3611 1021 3657 dreaded
1046 3624 1078 3656 a
1102 3611 1286 3665 speedy
1311 3611 1423 3655 trial
1449 3613 1502 3656 ot

406 3677 483 3721 his
500 3690 623 3729 case.
643 3679 743 3723 and
762 3677 976 3725 devoted
992 3679 1068 3723 his
1085 3680 1254 3723 efforts
1270 3682 1325 3722 to
1341 3690 1502 3722 secur-

403 3743 491 3796 ing
503 3756 534 3788 a
549 3748 943 3799 postponement.
991 3746 1227 3791 alicuius
1242 3744 1501 3798 eloquen-

407 3811 573 3856 tiam:
631 3811 836 3863 Though
863 3812 1103 3856 defended
1130 3812 1200 3864 by
1228 3812 1313 3856 the
1339 3812 1497 3856 ablest

407 3879 461 3922 ot
490 3878 756 3923 advocates
791 3878 874 3931 (ct.
906 3880 956 3925 ⁴.
991 3879 1041 3931 1)
1077 3879 1246 3923 Verres
1276 3878 1376 3923 had
1407 3883 1497 3923 not

1592 3155 1762 3188 means
1814 3144 2005 3188 toward
2060 3143 2379 3195 discrediting
2431 3143 2537 3188 him
2593 3146 2703 3191 still

1593 3210 1798 3255 further.
1864 3213 2059 3262 Among
2090 3210 2229 3255 these
2259 3221 2374 3254 men
2405 3210 2533 3256 were
2565 3212 2701 3257 Hor·

1593 3278 1792 3329 tensius.
1828 3279 1881 3323 C.
1917 3277 2197 3323 Scribonius
2230 3277 2374 3321 Curio
2413 3278 2484 3329 (¹1.
2517 3278 2589 3331 3),
2627 3280 2699 3327 Μ.

1593 3344 1827 3389 Caecilius
1857 3345 2081 3389 Metellus
2115 3345 2182 3396 (8.
2214 3344 2312 3396 10).

1654 3413 1700 3456 9.
1734 3411 2115 3456 machinetur:
2144 3410 2445 3462 concessive:
2459 3412 2700 3460 fortense

1590 3477 1712 3521 with
1736 3478 1927 3522 iamdiu
1950 3489 2030 3522 see
2055 3489 2122 3522 on
2149 3477 2191 3522 Ι.
2218 3479 2269 3523 ὅ.
2297 3480 2374 3524 27.

1655 3545 1823 3590 11-18.
1857 3545 1925 3590 ut
1954 3574 1971 3590 .
2001 3574 2017 3590 .
2046 3574 2063 3590 .
2088 3546 2188 3590 sit:
2243 3544 2368 3589 ‘how
2385 3544 2541 3590 ithas
2564 3545 2700 3593 been

1588 3610 1862 3664 arranged!
1915 3612 2243 3665 redemptio.
2270 3615 2388 3657 etc-z
2442 3611 2553 3657 ‘the
2573 3622 2700 3667 ‘pur-

1587 3678 1732 3723 chase
1755 3680 1809 3723 of
1829 3678 1931 3724 this
1953 3680 2133 3731 court?
2156 3683 2246 3724 not
2270 3679 2357 3724 the
2379 3678 2552 3724 actual
2575 3692 2699 3734 pur-

1586 3745 1730 3790 chase
1763 3747 1817 3790 of
1848 3746 1935 3790 the
1965 3745 2095 3799 jury,
2129 3745 2290 3790 which
2321 3746 2467 3790 could
2500 3750 2615 3797 not.
2639 3748 2698 3795 ot

1585 3823 1769 3864 course,
1794 3813 1857 3857 be
1878 3813 2024 3857 made
2044 3812 2123 3856 till
2144 3812 2212 3857 its
2233 3814 2566 3869 membership
2587 3825 2696 3860 was

1585 3879 1781 3933 known,
1811 3880 1902 3924 but
1932 3891 1963 3924 a
1991 3879 2195 3932 bargain
2221 3880 2343 3925 with
2371 3891 2509 3926 some
2537 3884 2694 3934 agent
