2913 4338
287 288 409 348 302
981 290 1131 344 PRO
1190 293 1266 346 M.
1325 292 1727 346 MARCELLO
1786 293 2071 348 ORATIO

384 483 529 525 rum
574 463 857 543 periculo
903 463 1215 527 liberatus
1263 464 1552 525 animum
1618 470 1841 528 tamen
1904 466 2142 530 retinet
2206 474 2553 544 armatum,
2602 476 2680 534 ut

384 564 583 626 etiam
618 563 721 625 ille
755 562 977 626 melior
1011 564 1115 639 sit,
1155 571 1270 640 qui
1321 564 1388 625 in
1443 564 1580 627 acie
1622 564 1872 641 cecidit,
1911 575 2025 646 qui
2058 566 2125 627 in
2161 577 2356 629 causa
2390 568 2677 631 animam

384 663 695 744 profudit.
785 663 966 739 Quae
1007 664 1179 725 enim
1218 663 1578 743 pertinacia
1618 664 2031 744 quibusdam,
2076 665 2305 729 eadem
2347 667 2487 729 aliis
2529 689 2679 730 con-

386 764 632 838 stantia
656 763 862 826 videri
884 769 1122 843 potest.
1212 763 1339 826 Sed
1362 764 1496 825 iam
1521 764 1732 826 omnis
1758 764 1966 827 fracta
1994 765 2305 828 dissensio
2328 771 2428 829 est
2456 777 2671 844 armis,
2693 771 2762 832 32

294 881 354 924 15
385 869 677 927 extincta
714 863 1046 943 aequitate
1083 863 1347 926 victoris
1356 883 1373 940 ;
1410 869 1635 940 restat,
1677 870 1753 927 ut
1792 875 2015 928 omnes
2055 875 2259 927 unum
2300 866 2524 943 velint,
2567 876 2680 947 qui·

388 963 580 1027 modo
611 962 856 1025 habent
887 962 1132 1043 aliquid
1163 972 1293 1025 non
1323 962 1532 1025 solum
1564 963 1941 1043 sapientiae,
1975 965 2090 1027 sed
2120 966 2320 1028 etiam
2352 966 2673 1029 sanitatis

389 1062 527 1125 Nisi
552 1069 636 1138 te,
665 1063 732 1125 C.
761 1063 1012 1139 Caesar,
1039 1062 1222 1125 salvo
1245 1068 1313 1125 et
1337 1062 1405 1124 in
1429 1054 1559 1126 ista
1581 1064 1923 1140 sententia,
1953 1074 2087 1144 qua
2113 1085 2261 1127 cum
2288 1072 2503 1141 antea,
2531 1073 2679 1128 tum

386 1163 577 1226 hodie
617 1161 719 1224 vel
761 1162 1043 1225 maxime
1083 1172 1238 1224 fisus
1276 1182 1363 1238 es,
1407 1169 1714 1225 manente
1754 1164 1919 1226 salvi
1958 1183 2096 1227 esse
2136 1185 2268 1228 non
2307 1185 2673 1245 possumus.

388 1264 533 1339 Qua
565 1272 634 1325 re
667 1272 891 1325 omnes
924 1267 1010 1338 te,
1049 1271 1162 1342 qui
1194 1261 1352 1325 haec
1387 1262 1571 1324 salva
1603 1282 1740 1325 esse
1774 1263 2095 1340 volumus,
2132 1269 2201 1327 et
2235 1264 2578 1327 hortamur
2610 1271 2679 1329 et

291 1381 356 1424 20
387 1364 817 1437 obsecramuS,
870 1367 946 1424 ut
994 1367 1172 1424 vitae
1219 1367 1374 1425 tuae
1421 1367 1491 1425 et
1538 1362 1735 1425 saluti
1784 1363 2098 1439 consulas,
2150 1374 2506 1445 omnesque
2555 1365 2677 1429 tibi

392 1463 494 1536 (ut
531 1471 652 1542 pro
693 1461 831 1524 aliis
871 1462 1071 1524 etiam
1110 1460 1357 1541 loquar,
1400 1461 1579 1540 quod
1619 1462 1700 1524 de
1739 1472 1845 1525 me
1882 1462 2018 1542 ipse
2057 1463 2318 1540 sentio),
2362 1465 2675 1545 quoniam

385 1563 645 1624 subesse
681 1560 924 1641 aliquid
958 1566 1174 1641 putas,
1212 1560 1390 1641 quod
1424 1561 1789 1623 cavendum
1824 1561 1930 1639 sit,
1967 1572 2099 1625 non
2135 1563 2330 1627 modo
2365 1564 2676 1628 excubias

384 1667 452 1724 et
484 1661 828 1737 custodias,
861 1661 975 1723 sed
1005 1660 1204 1722 etiam
1235 1659 1514 1723 laterum
1562 1666 1930 1725 nostrerum
1980 1646 2319 1743 oppositus
2348 1669 2417 1726 et
2450 1684 2676 1744 corpo-

384 1781 528 1823 rum
557 1759 950 1841 pollicemur.

467 1862 572 1926 11.
610 1860 735 1923 Sed
753 1865 848 1936 ut,
869 1860 1043 1922 unde
1060 1865 1160 1922 est
1176 1870 1338 1937 orsa,
1358 1860 1426 1920 in
1444 1860 1672 1925 eodem
1690 1860 2076 1924 terminetur
2096 1862 2322 1937 oratio,
2345 1864 2669 1926 maximas
2686 1866 2755 1925 33

384 1961 504 2023 tibi
542 1969 767 2023 omnes
804 1960 1046 2038 gratias
1085 1960 1353 2038 agimuS,
1384 1961 1451 2023 C.
1483 1961 1734 2037 Caesar,
1778 1961 2052 2024 maiores
2088 1962 2289 2025 etiam
2330 1962 2665 2026 habemus

385 2061 553 2122 Nam
577 2070 801 2123 omnes
823 2059 995 2122 idem
1019 2059 1332 2136 sentiunt,
1357 2060 1536 2140 quod
1559 2080 1641 2122 ex
1664 2060 1955 2123 omnium
1978 2061 2275 2141 precibus
2298 2067 2368 2125 et
2391 2062 2670 2125 lacrimis

382 2166 618 2223 sentire
655 2159 948 2240 potuisti.
1038 2159 1163 2223 Sed
1201 2159 1358 2240 quia
1395 2169 1527 2223 non
1565 2165 1667 2224 est
1703 2160 2006 2225 omnibus
2043 2161 2375 2226 stantibus
2414 2183 2668 2227 necesse

319 2280 348 2321 5
380 2260 609 2335 dicere,
640 2269 680 2323 5.
704 2270 810 2323 me
836 2266 1009 2323 certe
1036 2260 1163 2322 dici
1188 2260 1439 2337 volunt,
1471 2260 1575 2323 cui
1596 2281 1850 2324 necesse
1876 2267 1976 2324 est
2002 2261 2289 2343 quodam
2329 2263 2553 2339 modo;
2581 2269 2665 2338 et,

381 2360 558 2441 quod
583 2360 719 2422 fieri
750 2360 933 2422 decet
966 2361 1048 2421 M.
1080 2359 1381 2423 Marcello
1405 2370 1444 2422 a
1467 2365 1536 2423 te
1560 2361 1707 2423 huic
1735 2361 1944 2424 ordini
1971 2361 2342 2442 populoque
2368 2363 2666 2425 Romano

381 2467 448 2523 et
465 2470 556 2523 rei
589 2460 886 2540 publicae
921 2459 1196 2536 reddito,
1236 2460 1372 2521 fieri
1414 2459 1482 2522 id
1524 2459 1857 2538 intellego.
1934 2462 2104 2523 Nam
2159 2461 2389 2524 laetari
2445 2471 2665 2525 omnes

380 2571 512 2624 non
534 2561 613 2623 de
634 2568 824 2622 unius
844 2559 1073 2636 solum,
1098 2559 1210 2621 sed
1233 2559 1313 2622 de
1335 2568 1663 2623 communi
1683 2559 1891 2623 salute
1913 2561 2138 2624 sentio.
2229 2561 2420 2637 Quod
2443 2567 2658 2623 autem
2677 2562 2746 2622 34

381 2686 535 2696 ———

450 2758 502 2798 11
516 2788 530 2801 .
557 2755 819 2798 animum
886 2752 1093 2797 retinet
1167 2752 1482 2797 armatum:
1565 2753 1727 2805 friend
1751 2754 1800 2805 ot
1828 2753 2101 2804 Marcellus,
2130 2753 2160 2797 Ι
2184 2753 2331 2798 thank
2357 2766 2450 2806 you
2474 2755 2548 2805 tor
2572 2753 2665 2796 this

385 2823 589 2867 ‘retains
611 2834 641 2866 a
664 2821 843 2864 hostile
863 2821 1001 2872 spirit
1015 2821 1027 2841 ’
1049 2820 1178 2864 atter
1198 2819 1383 2870 having
1402 2830 1483 2862 ac·
1567 2822 1807 2873 crownina
1829 2822 1902 2864 act
1926 2822 1975 2873 ot
1998 2832 2165 2873 merev-

383 2889 559 2943 cepted
573 2891 814 2940 amnesty.
1632 2885 1722 2935 11.
1760 2889 1802 2931 1.
1836 2887 1987 2931 unde
2006 2907 2048 2922 ==
2072 2898 2162 2939 quo
2177 2887 2357 2930 exloco.

450 2955 865 3006 15.aequ1tate:
933 2952 1192 2998 ‘tau-ness!
1257 2953 1327 2998 ut
1362 2981 1379 2997 .
1416 2982 1430 2996 .
1468 2982 1482 2996 .
1632 2955 1675 2997 2.
1714 2962 1932 2996 omnes:
1989 2963 2122 2997 nom.
2188 2954 2398 3005 mnu
2424 2954 2660 3005 agimus.

383 3024 586 3068 velint:
621 3024 735 3066 war
766 3021 907 3072 done,
941 3020 1002 3063 ‘it
1030 3020 1244 3064 remains
1271 3019 1383 3063 that
1413 3019 1481 3062 all
1567 3021 1804 3064 maiores
1866 3020 2165 3064 habemus:
2222 3030 2301 3063 see
2339 3030 2405 3063 on
2461 3019 2499 3064 1.
2534 3020 2581 3063 ⁶.
2616 3022 2660 3068 7,

384 3090 559 3134 should
573 3088 761 3132 cherish
776 3088 862 3132 the
876 3098 1010 3131 same
1027 3086 1213 3130 desire!
1566 3086 1663 3130 111.
1693 3089 1741 3130 6.
1769 3090 1813 3130 6.
1875 3087 1969 3129 For
1989 3087 2241 3137 maximas,
2264 3087 2479 3135 maiore-3,
2500 3096 2577 3129 see
2595 3095 2662 3127 on

450 3160 525 3202 17.
557 3157 664 3200 mci
695 3185 709 3199 .
740 3185 754 3200 .
784 3186 798 3199 .
825 3162 1147 3206 possumus:
1200 3152 1397 3197 ‘Unless
1422 3147 1479 3202 (ft
1565 3153 1663 3197 ΙΙΙ.
1699 3156 1747 3197 ὅ.
1783 3155 1856 3197 45.

380 3225 424 3268 is
445 3229 554 3267 true
572 3223 707 3273 that)
729 3234 801 3265 we
821 3225 1001 3265 cannot
1024 3222 1085 3264 be
1106 3231 1271 3263 secure
1291 3219 1481 3270 though
1629 3223 1674 3264 3.
1710 3222 1996 3264 nmmum:
2069 3221 2234 3271 terere,
2279 3220 2377 3263 like
2417 3229 2583 3267 omnes.
2628 3217 2662 3261 1.

384 3302 483 3343 you
501 3300 584 3334 are
601 3290 703 3332 sate
720 3289 818 3333 and
838 3288 983 3333 abide
999 3288 1069 3341 by
1086 3287 1198 3331 that
1218 3287 1475 3330 determin-
1565 3289 1609 3338 2,
1641 3291 1694 3329 to
1723 3287 1807 3330 the
1835 3291 2074 3331 senators.
2140 3286 2411 3331 lacrimis:
2441 3287 2501 3329 cf.
2532 3286 2580 3328 4.
2615 3286 2661 3327 2.

383 3356 662 3407 ation‚’etc.
1629 3357 1673 3398 5.
1708 3354 1798 3398 cul
1834 3363 2055 3398 nocane
2093 3354 2202 3397 eet:
2237 3354 2323 3397 ‘on
2357 3353 2515 3396 whom
2545 3350 2596 3393 ln
2631 3361 2662 3393 a

450 3426 523 3467 19.
558 3424 717 3468 haee:
748 3434 804 3468 as
847 3422 900 3467 ln
945 3422 989 3467 1.
1022 3423 1072 3467 8.
1104 3423 1182 3475 36,
1229 3421 1316 3466 IV.
1350 3422 1399 3465 4.
1434 3424 1477 3471 2,
1564 3421 1750 3464 certain
1779 3432 1916 3464 sense
1944 3422 1986 3463 it
2016 3420 2057 3462 is
2088 3419 2399 3472 obligatory.'
2463 3416 2663 3462 Cicero's

383 3494 475 3535 etc.
1564 3488 1692 3531 close
1718 3488 1984 3539 friendship
2015 3488 2089 3530 for
2119 3486 2389 3536 Marcellus,
2417 3484 2512 3529 and
2534 3483 2662 3526 their

448 3560 522 3600 22.
556 3557 779 3603 subesse
805 3556 1040 3608 auquldz
1075 3556 1235 3600 ‘there
1258 3556 1299 3599 is
1324 3566 1479 3599 some-
1564 3555 1747 3597 similar
1781 3554 2090 3606 experiences
2133 3554 2202 3602 (1.
2239 3554 2413 3603 12-16)
2448 3550 2584 3595 made
2618 3550 2659 3592 it

383 3625 525 3675 thing
556 3624 771 3668 beneath
799 3624 883 3667 the
908 3622 1131 3667 surface!
1196 3622 1477 3668 excubias:
1563 3621 1760 3664 natural
1784 3622 1860 3664 for
1884 3620 1986 3663 him
2011 3623 2064 3663 to
2087 3619 2150 3662 be
2172 3620 2477 3672 spokesman.

387 3690 642 3738 ‘sentrIes.'
680 3691 863 3742 ‘picket
898 3690 1088 3740 guard’;
1120 3690 1196 3732 for
1226 3689 1475 3736 custodias,
1626 3689 1671 3737 8.
1707 3689 1750 3731 9.
1786 3686 2131 3738 quodhasfor
2147 3686 2438 3729 antecedent
2455 3682 2562 3733 iem.
2584 3685 2659 3732 11.

384 3757 588 3807 civilius.
609 3757 849 3807 praesidia
865 3766 942 3798 see
958 3766 1022 3797 on
1038 3755 1080 3797 Ι.
1113 3757 1163 3798 3.
1197 3756 1273 3797 22.
1562 3754 1662 3797 and
1687 3754 1772 3796 the
1796 3753 2124 3805 unexpressed
2150 3752 2316 3802 object
2342 3754 2394 3796 of
2416 3750 2658 3805 praestare.

1559 3819 1595 3863 1.
1614 3822 1685 3862 14.
1728 3820 1881 3869 Begin
1899 3818 2194 3863 translation
2209 3819 2332 3862 with
2346 3830 2465 3862 cum.
2508 3824 2663 3859 cum-

449 3886 508 3929 In
543 3886 692 3938 behalt
723 3886 772 3938 ot
802 3886 874 3930 the
906 3886 1074 3938 senate,
1110 3897 1165 3929 as
1196 3884 1269 3929 the
1301 3886 1477 3938 special
1565 3893 1690 3929 mae
1716 3884 2161 3937 benevolentiae:
2195 3896 2273 3928 see
2299 3896 2364 3929 on
2388 3884 2487 3937 rati,
2510 3884 2561 3926 9.
2581 3883 2661 3928 25.
