2913 4338
219 236 344 298 QG
836 234 915 289 IN
971 233 1034 288 C.
1093 230 1409 287 VERREM
1464 228 1687 283 Aemo
1746 228 2092 283 SECUNDA

401 407 649 473 Gevius
712 406 838 483 hic,
904 425 1099 488 quem
1165 403 1330 480 dice,
1396 404 1751 478 Censenus,
1818 421 1967 465 cum
2031 400 2103 463 in
2164 399 2276 464 ino
2338 410 2624 463 numere
2645 405 2719 457 leo

250 528 287 574 s
318 508 560 573 civium
626 507 1074 570 Remanerum
1139 505 1223 568 ab
1288 503 1416 565 iste
1478 501 1550 564 in
1610 501 1828 565 vincla
1889 500 2221 565 coniectus
2283 505 2480 575 osset,
2551 506 2623 564 et

316 606 536 672 nescie
606 615 742 688 que
809 605 1063 669 ratiene
1134 603 1301 668 clam
1373 611 1410 666 e
1479 600 1817 664 lautumiis
1883 600 2297 681 proffigisset,
2373 600 2624 663 Messe-

314 726 602 788 namque
667 705 1150 786 venisset—qul
1213 708 1355 766 tam
1418 721 1624 783 prope
1687 700 1820 764 iam
1885 692 2152 763 Italiam
2216 704 2288 764 et
2353 701 2625 764 moenia

317 808 716 887 Reginorum
786 803 1027 869 civium
1098 804 1546 865 Remanerum
1613 799 1886 875 videret,
1955 804 2027 863 et
2093 819 2179 863 ex
2245 798 2359 863 ille
2430 807 2622 865 metu

315 907 546 971 mortis
615 926 690 969 ac
757 905 1063 979 tenebris,
1133 901 1320 983 quasi
1386 900 1531 964 luce
1596 899 1918 963 libertatis
1983 904 2054 963 et
2121 899 2322 963 odere
2390 899 2622 981 alique

223 1026 285 1070 ιο
313 1007 529 1086 legum
580 1010 927 1080 recreetuS‚
979 999 1582 1081 revixisset—loqui
1632 1000 1966 1063 Messanae
2013 1004 2085 1063 et
2134 1007 2322 1080 queri
2371 1000 2618 1081 coepit,

315 1115 385 1170 se
430 1115 639 1170 civem
684 1105 1059 1167 Remanum
1103 1102 1173 1163 in
1213 1100 1432 1164 vincla
1473 1119 1612 1162 esse
1656 1099 2020 1163 coniectum
2028 1118 2048 1176 ς
2092 1099 2219 1162 sibi
2260 1105 2448 1163 recte
2491 1100 2625 1163 iter

314 1225 454 1270 esse
483 1205 794 1281 Remam;
821 1203 1007 1266 Verri
1033 1211 1103 1265 se
1128 1206 1392 1283 praeste
1419 1199 1796 1262 advenienti
1823 1199 2139 1261 futt'irum.

397 1305 501 1370 62.
547 1304 608 1366 N
613 1314 698 1367 en
767 1301 1187 1382 intellegebat
1255 1300 1449 1362 miser
1518 1297 1680 1361 nihil
1749 1297 2077 1375 interesse,
2149 1303 2378 1362 utrum
2452 1297 2623 1365 haec

316 1405 669 1480 Messenae,
744 1423 831 1465 an
901 1401 1078 1483 apud
1148 1400 1350 1462 istum
1418 1398 1491 1461 in
1557 1397 1884 1480 praeterie
1952 1396 2347 1478 loqueretur.
2440 1399 2622 1463 Nam

314 1504 483 1567 hanc
547 1502 671 1565 sibi
733 1502 857 1565 iste
918 1501 1149 1564 urbem
1212 1499 1556 1578 delegerat,
1622 1517 1824 1578 quam
1886 1497 2159 1561 haberet
2222 1497 2623 1563 adiutricem

313 1602 647 1678 scelerum,
680 1601 1005 1664 furterum
1035 1604 1473 1681 receptricem,
1508 1597 1901 1677 flagitierum
1932 1597 2227 1661 omnium
2260 1598 2616 1663 censciam.

249 1722 282 1762 5
316 1704 554 1783 Itaque
586 1701 673 1764 ad
705 1701 1162 1781 magistratum
1196 1699 1659 1761 Mamertinum
1692 1697 1920 1760 statim
1955 1696 2302 1760 deducitur
2335 1697 2623 1777 Gavium

313 1811 521 1882 eeque
573 1800 717 1882 ipse
770 1801 875 1866 die
928 1808 1083 1863 cessi
1137 1798 1503 1862 Messanam
1554 1797 1786 1860 Verres
1838 1796 2039 1859 venit.
2128 1796 2263 1867 Res
2317 1796 2407 1860 ad
2462 1817 2621 1862 eum

315 1901 629 1965 defertur:
668 1920 807 1964 esse
845 1909 1055 1964 civem
1096 1899 1491 1974 Remanum‚
1533 1905 1648 1978 qui
1685 1906 1755 1960 se
1793 1897 2127 1980 Syracusis
2164 1895 2236 1959 in
2271 1895 2624 1962 lautumiis

314 2001 513 2064 fuisse
548 2005 951 2082 quereretur:
988 2017 1205 2081 quem,
1243 1997 1375 2061 iam
1411 1996 1880 2077 ingredientem
1917 1995 1987 2057 in
2020 2005 2280 2073 navem,
2320 2002 2392 2061 et
2428 1998 2623 2062 Verri

314 2101 509 2163 nimis
564 2100 871 2164 atreciter
924 2099 1359 2176 minitantem,
1419 2098 1503 2160 ab
1559 2105 1629 2160 se
1681 2101 2036 2159 retractum
2091 2115 2230 2159 esse
2283 2101 2356 2160 et
2411 2117 2623 2161 asser-

224 2221 283 2263 10
316 2206 568 2278 vetum,
601 2207 678 2264 ut
707 2202 843 2283 ipse
873 2201 942 2262 in
968 2220 1118 2263 eum
1148 2203 1470 2262 statueret
1500 2197 1678 2278 quod
1706 2197 2053 2260 videretur.

381 2428 575 2478 Gavius,
597 2428 822 2480 escapina
836 2427 960 2480 from
979 2426 1145 2478 univ-st
1163 2425 1422 2477 impr-ism-

317 2496 458 2546 ment.
500 2496 644 2539 ulter-s
680 2494 866 2546 threan.
905 2494 1007 2537 and
1042 2493 1090 2537 is
1126 2492 1337 2544 reported
1373 2492 1420 2535 to

325 2562 501 2612 Verres.
522 2561 657 2614 5160.

384 2626 476 2678 61.
510 2632 554 2673 4.
586 2628 650 2672 in
680 2626 779 2672 mo
809 2634 1072 2672 numero:
1127 2626 1182 2670 ot
1211 2624 1299 2670 the
1329 2622 1420 2668 iol-

316 2694 490 2740 lowers
512 2695 565 2739 ot
587 2695 829 2739 Sertorius
857 2694 942 2743 (M.
964 2694 1017 2737 L.
1042 2695 1093 2737 4.
1117 2692 1198 2744 11)
1220 2692 1333 2735 who
1353 2702 1419 2734 on

319 2762 407 2807 the
461 2761 613 2806 death
667 2761 721 2805 ot
776 2760 905 2805 their
947 2760 1113 2804 leader
1153 2758 1249 2803 fied
1291 2759 1419 2801 from

321 2830 488 2883 Spain.
564 2829 708 2873 Some
742 2827 842 2871 had
878 2837 1017 2870 come
1052 2830 1106 2870 to
1130 2825 1293 2878 Sicily,
1317 2824 1416 2868 and

320 2896 460 2940 there
481 2895 580 2939 had
597 2894 748 2939 fallen
771 2895 880 2938 into
898 2893 985 2937 the
1003 2892 1163 2936 hands
1176 2892 1230 2936 ot
1248 2892 1419 2936 Verres

327 2963 476 3014 (isto).

385 3031 431 3074 6.
464 3029 653 3074 nocuo
682 3036 797 3081 qua
824 3027 1067 3071 naono:
1128 3024 1420 3069 ‘somehow’

327 3096 411 3146 (cf.
449 3096 607 3139 nescio
643 3106 734 3148 quo
771 3095 919 3147 pado.
961 3093 1002 3137 Ι.
1045 3094 1125 3137 18.
1164 3093 1233 3144 2).
1302 3091 1422 3135 lau·

322 3163 546 3207 tumus:
632 3161 813 3213 unruly
855 3160 1016 3204 slaves
1056 3159 1157 3203 and
1200 3159 1421 3202 convicts

323 3240 449 3272 were
476 3228 641 3272 forced
671 3231 726 3272 to
752 3227 888 3270 work
915 3228 968 3269 in
996 3225 1083 3270 the
1110 3229 1247 3277 great
1279 3236 1422 3276 quar-

323 3296 431 3345 fles,
484 3296 621 3339 often
671 3291 1018 3346 under-ground
1074 3293 1156 3344 (ct.
1207 3292 1420 3341 tenebris.

391 3430 528 3473 7-10.
562 3429 661 3481 qui
687 3457 701 3472 .
730 3457 746 3473 .
775 3457 789 3472 .
815 3427 1032 3472 videret
1068 3456 1084 3472 .
1116 3456 1131 3472 .
1162 3456 1178 3472 .
1200 3426 1425 3471 revixis-

326 3495 436 3539 set:
477 3495 853 3540 characteristic.
906 3494 1278 3546 Reginorum:
1322 3493 1424 3536 The

327 3561 464 3604 cities
529 3561 752 3605 Messana
807 3561 861 3605 in
919 3560 1070 3613 Sicily
1125 3558 1228 3604 and
1294 3559 1426 3603 Rhe-

327 3628 461 3678 gium
487 3627 540 3671 in
566 3627 701 3680 ltaly
726 3639 809 3672 are
836 3638 902 3671 on
928 3628 1155 3680 opposite
1180 3626 1347 3670 shores
1372 3626 1426 3669 ot

327 3694 414 3737 the
455 3694 599 3739 strait
642 3695 695 3738 of
737 3694 962 3738 Messius.
992 3743 995 3746 ,
1037 3693 1173 3737 Both
1212 3692 1424 3737 suffered

334 3760 596 3812 (Rhegium
639 3760 755 3813 less)
799 3762 852 3804 in
896 3760 982 3804 the
1025 3760 1332 3810 earthquake
1374 3759 1427 3803 ot

330 3826 611 3878 December.
663 3829 798 3872 1908.
879 3827 1068 3872 odoro}
1156 3838 1213 3871 ⁸8
1256 3827 1296 3871 it
1340 3826 1426 3871 the

1507 2427 1643 2466 soent
1673 2423 1728 2466 ot
1752 2423 1931 2474 justice
1958 2433 2086 2467 were
2111 2421 2298 2467 watted
2328 2433 2496 2467 amnes
2525 2425 2625 2471 the

1506 2501 1697 2534 narrow
1724 2488 1949 2533 charmel.

1572 2559 1645 2601 12.
1678 2556 2028 2601 advenienti:
2080 2566 2150 2600 on
2174 2554 2254 2601 his
2278 2559 2455 2601 return
2479 2558 2625 2604 atter

1505 2622 1582 2667 his
1606 2627 1734 2667 term
1757 2622 1934 2666 should
1959 2622 2142 2677 eprre.

1564 2755 1781 2808 Inepite
1811 2755 1861 2808 ot
1890 2754 1968 2799 his
1996 2754 2626 2810 cru.·c'im'somn,’heis

1504 2823 1794 2876 ammana
1805 2822 2041 2875 cracina.
2062 2821 2228 2875 15161.
2249 2824 2357 2869 162.

1568 2886 1658 2939 62.
1696 2891 1736 2940 1.
1776 2891 1821 2934 2.
1855 2889 2047 2935 miser:
2119 2888 2229 2934 ‘the
2262 2900 2388 2943 poor
2411 2889 2623 2937 fellow!

1505 2955 1651 3000 nihil
1686 2955 1978 3001 interme:
2055 2954 2118 3000 ‘it
2155 2955 2304 3000 made
2339 2967 2407 3001 no
2443 2957 2622 3002 difler-

1504 3024 1646 3067 ence’
1673 3022 1757 3073 (ct.
1774 3023 1908 3067 Verr.
1926 3024 2006 3067 18.
2022 3023 2124 3074 23).
2177 3022 2481 3077 ptumo:
2523 3025 2624 3070 the

1506 3089 1745 3144 praetor's
1764 3088 2137 3140 headquarters.

1568 3158 1616 3201 3.
1649 3164 1826 3209 quam
1853 3155 2108 3201 haberet:
2162 3168 2392 3211 purpose.
2451 3158 2623 3204 mu-

1508 3224 1727 3277 trlcsm,
1766 3227 1882 3268 etc.:
1960 3223 2181 3267 ‘abettor
2215 3224 2271 3268 ot
2305 3223 2383 3267 his
2418 3225 2619 3277 crimes.

1508 3291 1721 3335 receiver
1740 3290 1795 3334 of
1814 3289 1890 3334 his
1910 3289 2071 3334 stolen
2091 3290 2259 3344 goods.
2280 3291 2538 3336 confidant
2562 3292 2624 3338 ot

1509 3358 1576 3402 all
1601 3357 1678 3401 his
1702 3357 1891 3401 vicious
1915 3356 2057 3402 acts!

1572 3427 1618 3471 7.
1651 3433 1768 3469 esso
1793 3425 1993 3478 civem,
2018 3428 2136 3471 etc.:
2185 3424 2324 3470 ‘that
2346 3423 2488 3470 there
2507 3436 2624 3471 was

1509 3503 1543 3537 a
1567 3491 1764 3535 Roman
1788 3490 1999 3542 citizen‚'
2025 3495 2121 3537 etc.

1572 3559 1713 3603 8-10.
1744 3558 2184 3611 incrementum
2229 3558 2309 3605 for
2329 3557 2484 3613 Italy.
2542 3559 2627 3606 ab

1511 3634 1594 3671 se:
1674 3624 1763 3669 the
1802 3626 2092 3678 magistrate
2130 3624 2232 3670 and
2272 3625 2350 3670 his
2389 3626 2627 3673 subordi-

1512 3695 1653 3736 nates
1677 3691 1983 3744 (hominibus,
2003 3692 2038 3738 1.
2063 3692 2162 3745 11).
2213 3693 2356 3746 inu:
2424 3694 2625 3741 Verres.

1512 3758 1665 3812 quod
1699 3758 2008 3805 videram-2
2077 3758 2235 3805 ‘what
2269 3758 2450 3804 should
2482 3769 2624 3805 seem

1513 3830 1568 3871 to
1593 3826 1695 3870 him
1720 3826 1865 3871 best?
