2913 4338
1094 210 1255 265 cAP.
1299 212 1420 276 5-6,
1465 204 1542 288 gg
1593 214 1764 268 12-15
2560 209 2678 272 187

353 384 421 449 6.
468 382 700 461 Quare,
735 393 790 448 si
818 389 1085 465 propter
1115 384 1321 464 socios
1352 384 1531 450 nulla
1560 384 1685 466 ipsi
1714 383 1950 450 iniuria
1977 384 2258 450 lacessiti
2292 385 2572 451 maiores
2594 388 2673 448 14

269 491 482 547 nostri
519 503 666 547 cum
708 483 1050 560 Antiocho,
1093 504 1243 548 cum
1283 484 1603 566 Philippo,
1647 505 1796 548 cum
1836 486 2103 562 Aetolis,
2146 506 2295 550 cum
2336 487 2570 550 Poenis

232 577 444 647 ‘bella
476 588 829 661 gesserunt,
866 588 1117 663 quanto
1151 592 1270 647 vos
1300 585 1522 647 studio
1556 584 1863 648 convenit
1895 584 2144 647 iniuriis
2174 592 2569 666 provocatos

267 682 595 747 sociorum
635 682 913 745 salutem
952 692 1085 745 una
1123 704 1272 747 cum
1311 684 1564 764 imperii
1602 692 1803 748 vestri
1842 685 2163 764 dignitate
2203 685 2564 762 defendere,

202 801 235 843 5
266 782 654 863 praesertim
732 802 880 844 cum
956 781 1037 847 de
1111 784 1414 847 maximis
1490 791 1723 847 vestris
1798 785 2223 864 vectigalibus
2300 789 2568 866 agatur?

269 883 447 945 Nam
493 888 852 945 ceterarum
893 883 1377 963 provinciarum
1420 884 1785 964 vectigalia,
1820 885 2122 962 QuiriteS,
2158 892 2350 949 tanta
2391 892 2565 961 sunt,

265 988 351 1045 ut
406 982 486 1045 iis
542 982 627 1045 ad
683 981 858 1062 ipsas
913 984 1280 1064 provincias
1336 986 1653 1048 tutandas
1710 986 1825 1048 vix
1880 990 2172 1049 contenti
2226 1005 2364 1048 esse
2419 1006 2568 1067 pos-

265 1092 493 1160 simuS,
551 1083 706 1146 Asia
760 1093 913 1146 vero
965 1089 1106 1146 tam
1158 1093 1379 1165 opima
1429 1090 1532 1148 est
1585 1105 1660 1150 ac
1713 1085 1962 1163 fertilis,
2018 1091 2097 1148 ut
2146 1090 2217 1148 et
2267 1086 2568 1149 ubertate

267 1192 572 1262 agrorum
627 1189 696 1245 et
749 1184 1070 1247 varietate
1121 1183 1455 1248 fructuum
1508 1189 1578 1247 et
1630 1185 2080 1265 magnitudine
2130 1186 2450 1266 pastionis
2502 1192 2569 1248 et

265 1282 695 1346 multitudine
745 1292 970 1346 earum
1018 1294 1253 1362 rerum,
1306 1303 1479 1363 quae
1526 1291 1971 1366 exportentur,
1992 1355 1999 1363 ,
2024 1285 2218 1348 facile
2268 1285 2570 1349 omnibus

264 1389 459 1445 terris
497 1381 860 1446 antecellat.
963 1382 1200 1464 Itaque
1237 1384 1396 1449 haec
1434 1387 1623 1449 vobis
1659 1384 2015 1467 provincia,
2057 1385 2366 1462 QuiriteS‚
2407 1394 2463 1447 si
2499 1393 2569 1447 et

263 1481 423 1546 belli
455 1482 814 1546 utilitatem
846 1489 915 1547 et
943 1483 1124 1564 pacis
1155 1484 1544 1563 dignitatem
1575 1485 1851 1548 retinere
1883 1484 2104 1561 vultiS,
2138 1493 2271 1547 non
2302 1484 2497 1548 modo
2531 1493 2574 1547 ἒ,

263 1581 667 1659 calamitate,
699 1583 812 1645 sed
837 1583 1037 1645 etiam
1064 1592 1106 1647 a
1139 1590 1323 1647 metii
1357 1585 1750 1648 calamitatis
1771 1591 1873 1647 est
1898 1583 2323 1647 defendenda.
2397 1584 2570 1647 Nam
2595 1587 2673 1647 15

262 1681 338 1744 in
381 1688 612 1744 ceteris
653 1684 845 1746 rebus
887 1704 1035 1745 cum
1078 1683 1262 1747 venit
1302 1684 1664 1760 calamitas,
1709 1690 1854 1746 tum
1897 1684 2362 1747 detrimentum
2406 1684 2573 1747 acci-

261 1780 478 1863 pitur;
521 1787 592 1845 at
630 1782 698 1844 in
739 1783 1166 1862 vectigalibus
1205 1792 1336 1846 non
1376 1783 1587 1847 solum
1628 1784 1953 1848 adventus
1992 1783 2167 1862 mali,
2209 1783 2323 1846 sed
2364 1784 2566 1846 etiam

263 1886 488 1944 metus
520 1881 659 1962 ipse
692 1882 882 1945 affert
916 1883 1378 1946 calamitatem.
1468 1882 1640 1946 Nam
1673 1904 1822 1946 cum
1857 1884 2143 1947 hostium
2176 1883 2399 1963 copiae
2434 1892 2564 1945 non

261 1982 460 2061 longe
498 1983 760 2058 absunt,
801 1982 1057 2044 etiamsi
1093 1982 1370 2063 irruptio
1406 1983 1590 2064 nsilla
1626 1983 1805 2046 facta
1841 1988 1961 2060 est,
2002 1988 2226 2046 tamen
2262 1983 2570 2063 pecuaria

259 2081 677 2161 relinquitur,
716 2091 855 2161 agri
908 2082 1163 2144 cultura
1214 2082 1551 2160 deseritur,
1585 2089 2020 2146 mercatorum
2052 2082 2388 2162 navigatio
2421 2102 2573 2145 con-

262 2182 564 2262 quiescit.
654 2181 764 2244 Ita
818 2202 1027 2262 neque
1083 2202 1167 2245 ex
1218 2189 1417 2264 portu
1473 2203 1683 2263 neque
1737 2202 1821 2245 ex
1875 2183 2162 2245 decumis
2217 2202 2427 2262 neque
2481 2202 2566 2244 ex

264 2288 596 2360 scriptura
642 2282 919 2361 vectigal
966 2292 1333 2345 conservari
1377 2288 1624 2364 potest3
1672 2293 1873 2363 quare
1918 2302 2110 2362 saepe
2157 2288 2361 2345 totius
2410 2291 2564 2344 anni

171 1300 231 1342 10

168 1800 229 1843 15

163 2300 229 2343 20

337 2470 490 2515 Third
527 2470 824 2515 subdivision
863 2471 912 2524 ot
949 2470 1025 2516 the
1061 2472 1188 2524 topic
1227 2484 1379 2524 genus
1466 2476 1520 2515 to
1558 2484 1658 2525 pay
1696 2472 1782 2517 the
1821 2476 1990 2525 troops
2026 2471 2277 2516 stationed
2314 2472 2452 2516 there
2489 2473 2567 2516 ior

260 2537 553 2582 beni—our
583 2539 752 2582 n'chest
785 2550 1007 2583 revenues
1037 2549 1119 2583 are
1150 2539 1200 2583 at
1231 2539 1374 2589 stoke,
1467 2539 1595 2582 their
1619 2540 1830 2583 defense.

264 2606 505 2657 §514-16.

329 2669 385 2721 6.
416 2675 460 2716 2.
499 2673 801 2717 Antiocho:
818 2671 1092 2716 Antiochus
1106 2672 1193 2717 the
1209 2672 1376 2723 Great,

259 2738 386 2790 king
424 2740 478 2783 of
521 2739 677 2791 Syria.
753 2739 1031 2791 Phiiippo:
1111 2739 1274 2791 Philip
1318 2740 1373 2790 V,

257 2805 386 2857 king
406 2807 459 2849 oi
485 2806 787 2849 Macedonia.
845 2805 1078 2850 Aetolint
1120 2806 1206 2849 the
1229 2807 1376 2849 Aeto-

255 2871 363 2916 nan
382 2872 576 2923 League
591 2874 644 2915 ot
659 2872 893 2915 northern
912 2873 1104 2915 Greece.
1155 2873 1374 2916 Poenis:

255 2939 312 2981 in
341 2939 431 2982 the
459 2938 598 2982 three
627 2939 783 2982 Punic
812 2939 967 2989 Wars,
995 2938 1160 2989 begun
1186 2949 1375 2991 respec—

256 3004 422 3056 tively
465 3005 518 3048 in
561 3004 728 3048 behalf
773 3006 825 3048 oi
868 3004 955 3048 the
999 3005 1279 3048 Mamertini
1321 3005 1374 3048 ot

261 3071 504 3122 Messana,
533 3073 587 3114 of
615 3071 891 3122 Saguntum
919 3071 971 3114 in
999 3071 1165 3123 Spain.
1194 3071 1294 3115 and
1321 3073 1374 3114 of

261 3137 535 3188 Masinissa,
570 3138 691 3189 king
722 3140 774 3181 of
806 3139 849 3180 N
854 3139 1056 3182 umidia.

325 3207 372 3248 5.
407 3205 739 3256 praesertim
803 3214 961 3249 cum:
1089 3204 1371 3258 ‘especially

256 3272 428 3321 since‚’
459 3271 780 3327 introducing
821 3272 896 3314 the
921 3271 1050 3315 third
1075 3273 1371 3314 subdivision

257 3338 309 3389 ot
371 3337 447 3381 the
510 3338 638 3389 topic
704 3349 857 3388 genus
931 3337 1369 3388 belli—vectigalia

257 3408 492 3455 aguntur.
546 3404 778 3455 κιαι-16.
829 3405 897 3448 de
947 3434 962 3449 .
1013 3434 1028 3447 .
1079 3434 1094 3449 .
1142 3406 1369 3456 agatur:

260 3470 410 3522 ‘your
448 3474 663 3522 greatest
703 3481 941 3514 revenues
978 3482 1062 3525 are
1098 3474 1153 3514 at
1191 3470 1368 3514 stake!

261 3536 438 3580 Notice
473 3537 561 3580 the
594 3537 891 3589 impersonal
925 3538 1263 3580 construction
1297 3537 1370 3580 in-

257 3603 400 3647 stead
428 3605 481 3647 oi
508 3603 594 3647 the
622 3614 756 3647 more
782 3603 924 3647 usual
950 3604 1195 3656 vectiqalia
1220 3615 1370 3655 aqum

255 3670 350 3715 tur.

321 3739 367 3789 6,
390 3740 436 3782 7.
472 3738 663 3781 tanta:
737 3737 874 3789 ‘only
911 3748 965 3780 so
1002 3737 1175 3788 great:
1209 3737 1262 3780 in
1297 3748 1370 3780 re-

258 3805 486 3849 strictive
513 3816 616 3848 use.
678 3804 749 3847 td
782 3834 794 3847 .
828 3834 842 3849 .
877 3834 890 3848 .
920 3805 1218 3850 tutandas:
1272 3805 1366 3855 i.e.,

1525 2608 1666 2651 8—10.
1702 2606 1856 2650 There
1904 2617 2031 2650 were
2080 2605 2219 2650 three
2269 2617 2463 2649 sources
2512 2606 2567 2649 of

1462 2683 1675 2717 revenue
1706 2673 1758 2716 in
1793 2673 1929 2723 Asia:
1969 2673 2039 2724 (1)
2074 2684 2105 2716 a
2137 2672 2266 2717 tithe
2304 2672 2564 2723 (decumae)

1462 2750 1529 2782 on
1558 2738 1874 2790 agricultural
1905 2740 2141 2792 products
2177 2739 2388 2789 (cereals,
2421 2739 2561 2789 wine,

1462 2806 1527 2849 oil
1564 2806 1663 2848 and
1699 2805 1840 2848 small
1877 2806 2125 2858 producte,
2164 2805 2286 2849 such
2320 2817 2375 2848 as
2410 2804 2564 2847 beans

1462 2872 1562 2915 and
1594 2873 1749 2925 peas),
1784 2875 1839 2915 to
1869 2871 2028 2914 which
2061 2872 2263 2914 ubertate
2295 2903 2308 2915 .
2345 2903 2356 2915 .
2391 2902 2404 2914 .
2436 2871 2564 2922 truc-

1460 2940 1597 2983 tuum
1623 2940 1793 2987 refers:
1827 2939 1898 2988 (2)
1928 2939 2179 2989 scriptura,
2209 2941 2318 2981 rent
2348 2939 2424 2980 ior
2451 2948 2564 2989 pas-

1461 3008 1571 3048 ture
1606 3004 1765 3055 lands.
1805 3005 2016 3047 referred
2055 3008 2108 3047 to
2145 3005 2198 3047 in
2234 3004 2564 3055 maanitudinc

1459 3073 1715 3123 pastioni-33
1753 3071 1823 3122 (3)
1854 3071 2079 3124 portoria,
2111 3074 2286 3122 export
2318 3070 2495 3113 dutieS.

1527 3140 1694 3189 11,12.
1729 3139 1788 3181 et
1824 3166 1839 3181 .
1877 3166 1892 3181 .
1931 3166 1946 3181 .
1981 3137 2345 3189 dignitatem:
2414 3136 2562 3188 ‘your

1458 3205 1708 3257 efficiency
1735 3204 1787 3246 in
1816 3213 1917 3247 war
1944 3204 2045 3246 and
2074 3203 2267 3255 dignity
2294 3202 2347 3244 in
2376 3201 2561 3254 peace!

1525 3273 1597 3315 17.
1632 3272 1915 3323 pecuaria:
2005 3269 2157 3321 really
2202 3280 2268 3311 an
2313 3268 2560 3319 adjective

1456 3338 1733 3390 modifying
1785 3348 1859 3380 res
1912 3334 2235 3384 understood:
2290 3345 2344 3377 so
2398 3336 2560 3378 dextra

1455 3407 1731 3456 represents
1770 3413 1945 3446 manus
1984 3403 2158 3454 dextra,
2200 3402 2363 3455 patria
2400 3402 2443 3444 is
2482 3402 2560 3443 ior

1455 3471 1593 3515 tellus
1620 3471 1793 3521 patria,
1823 3474 1918 3514 etc.

1524 3538 1596 3580 18.
1630 3536 1986 3588 relinquitur,
2063 3535 2353 3585 deseritur,
2430 3542 2561 3578 con·

1456 3604 1718 3656 quiescit:
1771 3614 1802 3645 a
1829 3614 1939 3645 case
1965 3603 2018 3644 of
2043 3601 2290 3651 diiunctio,
2319 3601 2372 3643 in
2398 3599 2557 3643 which

1456 3680 1793 3722 synonymous
1826 3669 1972 3712 verbs
2005 3679 2089 3711 are
2122 3667 2242 3711 used
2275 3666 2469 3710 instead
2503 3665 2559 3708 oi

1455 3748 1549 3780 one
1573 3736 1710 3780 verb.

1520 3805 1595 3847 20.
1630 3802 1930 3854 scriptura:
1989 3802 2075 3845 the
2100 3801 2355 3843 collection
2372 3799 2424 3841 ot
2456 3797 2559 3843 this
