2913 4338
191 226 316 292 940

1042 229 1191 285 PRO
1247 228 1541 285 ARCHIA
1601 226 1845 285 POETA

287 402 416 481 Qui
465 401 882 466 sedulitatem
935 400 1092 463 mali
1141 407 1376 482 poetae
1429 399 1692 463 duxerit
1745 400 1966 483 aliquo
2019 404 2245 463 tamen
2297 401 2593 480 praemio

287 502 570 582 dignam,
600 501 794 563 huius
816 500 1148 579 ingenium
1172 506 1242 564 et
1268 500 1584 563 virtutem
1611 500 1679 561 in
1707 498 2048 563 scribendo
2076 504 2145 562 et
2172 499 2427 579 copiam
2456 508 2591 561 non

190 621 253 666 35
285 604 674 682 expetisset?
758 600 968 676 Quid?
1016 609 1057 663 a
1102 599 1179 677 Q.
1232 599 1492 663 Metello
1540 599 1678 675 Pio,
1730 598 2234 662 familiarissimo
2281 608 2420 674 suo,
2470 608 2589 678 qui
2612 602 2692 662 26

286 702 555 765 civitate
573 700 837 765 .multos
874 699 1167 776 donavit,
1207 718 1419 781 neque
1454 705 1572 779 per
1595 708 1681 766 ‚se
1718 718 1930 778 neque
1968 717 2086 779 per
2128 698 2433 762 Lucullos
2469 699 2594 760 im-

283 803 711 884 petravisset?
753 809 868 882 qui
929 799 1311 883 praesertim
1376 810 1583 879 usque
1647 807 1727 862 eo
1792 798 1875 861 de
1939 805 2072 861 suis
2136 799 2332 862 rebus
2396 801 2596 862 scribi

212 897 216 902 ⁴
286 908 569 982 cuperet,
627 906 707 964 ut
760 902 961 965 etiam
1018 900 1356 964 Cordubae
1411 906 1624 982 poetis
1679 899 1919 980 pingue
1980 898 2296 979 quiddam
2353 919 2593 964 sonan-

285 1003 462 1065 tibus
493 1008 692 1082 atque
719 1010 1129 1083 peregrinum
1159 1007 1381 1064 tamen
1413 1009 1600 1062 aures
1628 1010 1780 1063 suas
1810 998 2094 1062 dederet.

367 1102 474 1167 11.
520 1101 748 1182 Neque
779 1102 954 1164 enim
985 1107 1087 1164 est
1120 1101 1241 1165 hoc
1275 1099 1836 1175 dissimulandum,
1877 1099 2054 1180 quod
2091 1100 2423 1163 obscurari
2457 1110 2592 1162 non

283 1207 523 1284 potest,
592 1200 707 1265 sed
771 1221 929 1283 prae
994 1202 1182 1265 nobis
1248 1200 1616 1265 ferendum:
1682 1199 2005 1262 trahimur
2074 1208 2300 1263 omnes
2367 1199 2594 1262 studio

285 1302 515 1380 laudiS,
568 1307 638 1365 et
685 1302 976 1384 optimus
1025 1301 1299 1382 quisque
1349 1300 1635 1364 maxime
1684 1299 1888 1380 gloria
1939 1299 2218 1362 ducitur.
2310 1299 2449 1380 Ipsi
2499 1299 2595 1360 illi

284 1401 653 1484 philosophi
708 1402 910 1466 etiam
966 1399 1036 1463 in
1091 1399 1169 1464 iis
1224 1400 1471 1476 libellis,
1532 1409 1698 1481 quos
1753 1399 1835 1464 de
1871 1397 2351 1463 contemnenda
2385 1398 2594 1480 gloria

223 1520 254 1563 5
286 1503 598 1579 scribunt,
636 1511 874 1564 nomen
909 1521 1102 1564 suum
1137 1502 1503 1565 inscribunt
1512 1520 1528 1577 ;
1565 1500 1634 1562 in
1668 1509 1747 1562 eo
1782 1499 1941 1579 ipso,
1982 1499 2051 1561 in
2087 1508 2221 1579 quo
2254 1498 2592 1581 praedica-

288 1601 533 1665 tionem
563 1601 1105 1682 nobilitatemque
1135 1600 1521 1681 despiciunt,
1541 1598 1913 1680 'praedicari
1942 1598 2123 1662 dese
2154 1619 2229 1663 ac
2260 1599 2589 1662 nominari

289 1700 539 1765 volunt.

629 1700 935 1764 Decimus
980 1699 1245 1780 quidem
1292 1700 1557 1775 Brutus²
1607 1718 1902 1761 summus
1946 1697 2049 1761 vir
2092 1704 2162 1762 et
2206 1699 2582 1778 imperator,
2608 1701 2688 1763 27

289 1803 462 1876 Acci,
500 1799 872 1863 amicissimi
904 1809 1023 1876 sui,
1061 1799 1456 1863 carminibus
1490 1798 1885 1878 templorum
1920 1818 1996 1861 ac
2031 1798 2590 1862 monimentorum

289 1899 506 1964 aditus
530 1900 875 1963 exornavit
899 1909 1184 1962 suorum.
1274 1899 1418 1961 Iam
1445 1907 1601 1961 vero
1625 1898 1750 1974 ille,
1779 1908 1893 1978 qui
1919 1918 2068 1961 cum
2096 1898 2344 1961 Aetolis
2370 1898 2589 1961 Ennio

287 2108 676 2162 consecrare

194 2020 255 2064 10
287 2000 524 2064 comite
558 1998 848 2074 bellavit,
889 1998 1160 2061 Fulvius
1193 2008 1327 2061 non
1363 1997 1700 2061 dubitavit
1736 1997 1963 2062 Martis
2000 1996 2346 2062 manubias
2383 1997 2588 2061 Musis

765 2099 999 2176 Quare,
1060 2097 1130 2160 in
1189 2107 1322 2180 qua
1380 2099 1542 2161 urbe
1599 2096 2023 2179 imperatores
2081 2116 2285 2179 prope
2345 2103 2588 2161 armati

283 2205 627 2281 poetarum
676 2209 914 2263 nomen
962 2202 1032 2262 et
1091 2198 1425 2261 Musarum
1476 2198 1746 2261 delubra
1796 2198 2153 2274 coluerunt,
2204 2197 2273 2259 in
2321 2206 2401 2261 ea
2445 2208 2585 2262 non

287 2358 440 2411 quod
454 2359 825 2411 epigramma:
858 2358 943 2401 ‘an
959 2357 1178 2410 epigram
1192 2355 1389 2402 which!

287 2426 519 2471 alternis
538 2425 789 2471 versibus
810 2425 1200 2478 longiuscula:
1240 2425 1388 2478 prob-

285 2493 403 2545 ably
428 2494 657 2544 meaning
681 2493 863 2544 elegiae
888 2502 1042 2536 verse.

349 2561 423 2610 33,
445 2561 522 2603 34.
555 2559 941 2604 sedulitatem:
1000 2558 1388 2602 'officiousnessss

285 2627 562 2671 virtutem
588 2627 647 2670 et
673 2626 918 2677 copiam:
974 2624 1136 2677 ‘vigor
1162 2625 1263 2668 and
1291 2625 1387 2668 iul-

286 2693 430 2737 ness.’

348 2761 517 2805 35-38.
557 2759 616 2810 Q.
649 2758 878 2803 Metello
908 2758 1027 2803 Pio:
1086 2769 1166 2803 see
1196 2769 1262 2802 on
1292 2757 1388 2802 Pio

283 2827 397 2879 filio.
421 2829 470 2871 3.
492 2829 573 2876 2ος
593 2838 649 2870 as
668 2826 930 2880 proconsul
950 2826 1001 2869 in
1022 2826 1187 2878 spain.
1212 2827 1385 2875 79—71.

283 2892 345 2936 he
369 2894 542 2945 fought
569 2894 761 2946 against
789 2893 1046 2937 SertoriuS.
1103 2893 1200 2944 qui
1234 2900 1388 2943 prae-

282 2961 533 3003 sertim=
543 2961 819 3011 praesertim
851 2971 962 3003 cum
997 2959 1058 3010 is,
1097 2959 1221 3002 'and
1270 2957 1384 3001 that

284 3030 369 3069 too
407 3027 597 3078 though
632 3025 719 3070 he’
764 3027 846 3075 (01.
885 3028 936 3071 9.
975 3026 1046 3077 3).
1115 3024 1387 3076 impetra·

282 3093 478 3138 visset:
544 3104 611 3139 sc.
646 3092 866 3137 Archias,
932 3101 1111 3144 usque
1145 3100 1233 3136 eo:
1303 3092 1386 3134 ‘to

282 3160 403 3202 such
436 3171 501 3203 an
534 3161 739 3205 extent!
808 3159 1116 3204 cordubae:
1182 3169 1214 3202 a
1244 3157 1382 3210 large

283 3226 386 3277 city
413 3226 466 3268 in
492 3227 656 3278 Spain,
687 3227 870 3279 capital
897 3228 950 3271 oi
978 3226 1200 3275 Baetica:
1226 3226 1266 3269 it
1297 3226 1383 3268 be-

282 3302 420 3335 came
445 3304 475 3335 a
501 3292 695 3336 Roman
722 3294 900 3345 colony
923 3293 977 3336 111
1005 3295 1110 3336 152.
1168 3292 1383 3344 pingue

282 3358 577 3410 quiddam:
621 3364 850 3411 -cognate
882 3359 1047 3410 object
1081 3359 1134 3402 ot
1164 3358 1381 3402 sonanti-

282 3425 672 3477 bus—‘uttering
707 3437 740 3469 a
778 3425 929 3468 harsh
967 3425 1067 3469 and
1106 3425 1380 3469 barbarous

282 3491 437 3536 note!

344 3621 433 3672 11.
470 3627 513 3670 1.
548 3625 660 3668 ‘We
689 3629 822 3669 must
855 3629 952 3669 not
986 3629 1066 3677 try
1083 3629 1137 3668 to
1167 3625 1383 3675 conceal,

277 3689 369 3734 but
409 3693 540 3733 must
581 3691 778 3742 irankly
818 3693 1016 3736 confess
1054 3692 1165 3735 that
1206 3703 1279 3734 we
1317 3691 1384 3734 all

278 3767 386 3864 εἴξῃ
395 3755 564 3842 drawn
593 3767 660 3799 on
692 3756 762 3809 by
793 3757 882 3800 the
910 3757 1026 3800 love
1055 3758 1109 3800 01
1139 3758 1385 3809 approba-

1536 2359 1581 2404 6.
1614 2358 1997 2403 nobilitatem:
2086 2357 2341 2408 ⁸renown.'
2388 2357 2586 2405 ‘fame’

1471 2426 1798 2476 praedicari:
1878 2425 2192 2477 impersonal.
2267 2427 2584 2471 nominari:

1471 2503 1539 2536 sc.
1573 2504 1623 2536 se
1655 2504 1711 2536 as
1744 2492 1960 2543 subject;
1994 2496 2074 2543 tr„
2115 2491 2265 2535 ‘their
2298 2493 2484 2544 praises
2523 2496 2582 2537 to

1470 2557 1533 2602 be
1577 2558 1877 2611 proclaimed
1922 2558 2024 2602 and
2069 2556 2367 2603 themselves
2413 2561 2468 2602 to
2516 2559 2583 2604 be

1470 2624 1618 2669 made
1641 2625 1871 2670 famous!

1534 2694 1577 2742 ⁷.
1600 2694 1647 2737 8.
1680 2693 1944 2738 Decimus
1989 2691 2223 2738 Brutus:
2311 2691 2581 2738 surnamed

1470 2757 1739 2809 Gallaecus:
1774 2758 1838 2803 he
1873 2771 1977 2803 was
2014 2759 2183 2802 consul
2221 2760 2274 2803 in
2315 2762 2418 2810 138.
2458 2771 2580 2804 con-

1471 2825 1652 2874 quered
1687 2836 1719 2869 a
1752 2825 1889 2878 large
1923 2829 2037 2879 part
2075 2827 2128 2869 oi
2166 2826 2433 2877 Lusitania,
2472 2827 2579 2870 and

1468 2891 1690 2936 received
1724 2893 1800 2935 uls
1835 2903 2066 2936 surname
2102 2894 2230 2936 110111
2265 2892 2343 2935 his
2375 2894 2580 2946 victory

1468 2969 1586 3002 over
1613 2958 1700 3002 the
1729 2959 1959 3004 GallaecI.
2022 2959 2176 3004 Acci:
2235 2959 2289 3004 L.
2319 2960 2511 3011 Accius.
2544 2973 2579 3005 a

1470 3025 1664 3069 Roman
1719 3025 1879 3077 tragic
1933 3029 2067 3078 poet.
2157 3026 2236 3069 He
2288 3037 2391 3070 was
2446 3027 2576 3071 born

1468 3091 1621 3136 about
1653 3095 1742 3138 170
1768 3092 1870 3136 and
1895 3092 2027 3137 lived
2055 3096 2110 3136 to
2136 3104 2167 3136 a
2195 3097 2331 3144 great
2359 3104 2464 3144 age.
2495 3095 2579 3138 tor

1469 3159 1632 3202 Cicero
1680 3159 1948 3203 conversed
1994 3160 2116 3203 with
2165 3160 2269 3203 him
2316 3159 2459 3203 when
2509 3160 2578 3205 he

1466 3225 1660 3269 himself
1699 3237 1801 3270 was
1840 3238 1872 3269 a
1913 3237 2080 3278 grown
2119 3237 2253 3272 man.
2313 3227 2577 3278 quidem:

1467 3293 1801 3345 emphasizing
1828 3293 2015 3336 Brutus
2041 3304 2097 3336 as
2124 3305 2191 3337 an
2218 3293 2455 3337 excellent
2484 3306 2574 3338 ex-

1467 3359 1630 3411 ample
1696 3360 1825 3403 from
1889 3359 2097 3411 history.
2197 3359 2576 3412 templorum:

1468 3425 1593 3469 built
1621 3426 1741 3469 with
1767 3424 1854 3470 the
1877 3427 2033 3478 booty
2058 3426 2122 3470 he
2145 3425 2246 3470 had
2271 3427 2440 3471 taken.

1532 3494 1669 3538 9-13.
1703 3493 1828 3538 Iam
1878 3502 2032 3537 vero:
2133 3505 2268 3538 more
2316 3496 2577 3546 emphatic

1469 3560 1593 3603 than
1634 3561 1836 3612 quidem.
1911 3559 2166 3605 Fulvius:
2252 3561 2317 3605 Μ.
2362 3561 2578 3607 Fulvius

1471 3625 1704 3675 Nobilior.
1745 3625 1915 3670 consul
1953 3627 2007 3670 in
2049 3629 2154 3672 189.
2229 3628 2306 3672 He
2342 3630 2576 3674 received

1468 3692 1645 3744 charge
1669 3693 1721 3736 of
1746 3692 1832 3736 the
1856 3704 1957 3736 war
1982 3694 2175 3744 against
2203 3693 2290 3737 the
2315 3694 2578 3740 Aetoliam

1469 3759 1568 3801 and
1603 3759 1871 3811 compelled
1908 3759 2045 3803 thern
2081 3764 2134 3803 to
2169 3772 2257 3820 sue
2290 3761 2364 3805 tor
2400 3773 2578 3814 peace.

1471 3825 1549 3868 He
1570 3836 1668 3868 was
1688 3836 1720 3868 a
1741 3828 1921 3878 patron
1942 3826 1994 3870 oi
2015 3826 2220 3877 Ennius,
2243 3828 2354 3871 who
2373 3838 2579 3875 accom-
