2913 4338
346 243 469 305 274
1018 249 1101 304 IN
1155 249 1217 305 O.
1278 249 1592 303 VERREM
1648 250 1869 303 ACTIO
1926 250 2164 304 PRIMA

354 443 413 484 15
447 420 851 501 cognatione,
888 432 1023 485 non
1059 422 1199 486 aliis
1233 429 1407 486 recte
1443 423 1654 499 factis,
1693 433 1827 485 non
1862 423 2139 504 denique
2176 424 2394 504 aliquo
2430 424 2735 488 mediocri

447 523 628 601 vitio,
662 528 767 586 tot
801 529 1121 604 tantaque
1158 523 1296 586 eius
1333 522 1498 586 vitia
1525 523 1869 587 sublevata
1897 542 2034 587 esse
2063 523 2477 587 videbuntur.

530 625 870 687 Postremo
924 643 1043 703 ego
1102 643 1366 686 causam
1425 632 1517 687 sic
1578 643 1787 703 agam,
1848 621 2117 687 iudices:
2178 623 2314 687 eius
2372 624 2552 688 modi
2611 633 2726 699 reS,
2746 627 2812 686 48

445 723 542 787 ita
586 730 797 800 notas,
849 719 945 786 ita
990 728 1287 799 testatas,
1337 722 1434 785 ita
1482 732 1770 803 magnas,
1818 722 1916 786 ita
1962 722 2341 787 manifestas
2385 723 2729 805 proferam,

446 829 523 886 ut
578 833 769 886 nemo
825 830 866 887 a
920 824 1107 887 vobis
1161 828 1239 885 ut
1293 822 1494 886 istum
1552 822 1907 887 absolvatis
1959 843 2076 905 per
2129 823 2407 903 gratiam
2466 829 2731 886 conetur

349 944 413 986 20
447 924 853 988 contendere.
944 924 1173 988 Habeo
1248 928 1471 986 autem
1546 928 1792 985 certam
1866 922 2043 987 viam
2120 928 2317 1004 atque
2389 923 2728 997 rationem,

446 1035 578 1103 qua
633 1033 843 1088 omnis
897 1023 1153 1085 illorum
1211 1028 1484 1085 conatus
1538 1021 1928 1102 investigare
1982 1028 2052 1086 et
2107 1030 2411 1103 consequi
2465 1022 2725 1103 possim.

446 1124 555 1188 Ita
591 1134 691 1187 res
730 1133 770 1186 ὃ.
807 1133 911 1187 me
949 1128 1193 1204 agetur,
1234 1127 1312 1184 ut
1347 1121 1418 1184 in
1453 1131 1677 1183 eorum
1716 1122 1994 1186 consiliis
2029 1122 2332 1186 omnibus
2366 1131 2500 1184 non
2538 1121 2730 1186 modo

447 1233 633 1287 aures
685 1216 1043 1299 hominum,
1099 1221 1212 1286 sed
1265 1222 1465 1284 etiam
1527 1222 1697 1285 oculi
1764 1221 2073 1286 interesse
2142 1223 2506 1286 videantur.
2598 1223 2728 1284 Vos
2743 1225 2812 1284 49

447 1324 697 1404 aliquot
741 1323 874 1385 iam
918 1343 1034 1404 per
1081 1331 1286 1386 annos
1331 1327 1715 1401 conceptam
1779 1321 1927 1385 huic
1993 1321 2202 1385 ordini
2256 1306 2728 1402 turpitudinem

349 1443 413 1487 25
446 1430 646 1503 atque
716 1423 1052 1486 infamiam
1124 1421 1332 1484 delere
1403 1442 1477 1484 ac
1549 1421 1772 1485 tollere
1839 1421 2132 1503 potestis,
2220 1423 2494 1485 Constat
2562 1422 2730 1484 inter

445 1532 675 1607 omnm,
701 1528 853 1605 post
877 1522 1035 1585 haec
1061 1521 1421 1585 constituta
1443 1520 1701 1598 iudicia,
1730 1522 1967 1602 quibus
1991 1542 2162 1585 nunc
2188 1520 2452 1598 utimur,
2479 1521 2728 1584 nullum

445 1625 565 1686 hoc
629 1622 966 1704 splendore
1029 1626 1228 1702 atque
1289 1620 1410 1683 hac
1458 1620 1775 1700 dignitate
1822 1621 2158 1684 consilium
2203 1621 2428 1685 fuisse.-
2507 1622 2631 1685 Hic
2675 1630 2729 1684 si

444 1723 603 1804 quid
641 1722 766 1785 erit
802 1722 1142 1798 offensum,
1183 1729 1407 1784 omnes
1446 1720 1739 1784 homines
1777 1731 1911 1783 non
1948 1721 2079 1784 iam
2118 1741 2202 1783 ex
2238 1722 2465 1784 eodem
2508 1721 2727 1784 ordine

445 1823 603 1886 alios
638 1822 845 1903 magis
880 1822 1146 1884 idoneos
1188 1820 1390 1900 (quod
1428 1820 1565 1881 fieri
1601 1830 1733 1882 non
1767 1822 2039 1902 potest),
2078 1821 2192 1883 sed
2229 1821 2427 1884 alium
2465 1829 2729 1884 omnino

344 1942 411 1985 3ο
444 1922 735 1986 ordinem
766 1922 851 1984 ad
879 1930 980 1983 res
1007 1920 1386 1983 indicandas
1414 1920 1859 2000 quaerendum
1890 1920 2400 1984 arbitrabuntur.

525 2020 625 2087 27.
672 2021 1101 2101 Quapropter,
1140 2029 1423 2102 primum
1463 2020 1546 2081 ab
1586 2020 1685 2083 dis
1721 2019 2214 2097 immortalibus,
2255 2021 2434 2101 quod
2470 2023 2804 2102 sperarem

442 2122 601 2186 mihi
643 2122 885 2197 videor,
930 2120 1052 2186 hoc
1094 2120 1286 2197 idem,
1331 2119 1593 2196 indice&
1639 2125 1817 2203 opto,
1864 2125 1941 2183 ut
1981 2119 2050 2182 in
2091 2120 2212 2184 hoc
2255 2119 2492 2184 iudicio
2535 2130 2726 2185 nemo
2835 2102 2836 2153 ¹

441 2223 775 2303 improbus
808 2227 1067 2303 praeter
1101 2240 1251 2283 eum
1289 2228 1404 2300 qui
1439 2219 1824 2302 iampridem
1861 2220 2167 2284 inventus
2203 2226 2305 2284 est
2339 2221 2723 2302 reperiatur:
2832 2179 2834 2256 A

440 2323 672 2385 deinde
696 2330 751 2385 si
774 2322 990 2402 plures
1013 2320 1292 2401 improbi
1316 2319 1578 2395 fuerint,
1606 2319 1727 2384 hoc
1754 2322 1958 2397 vobis,
1987 2320 2108 2384 hoc
2132 2320 2376 2402 populo
2402 2322 2722 2397 Romano,
2827 2271 2832 2458 14

351 2442 405 2484 85
444 2422 701 2496 iudiceS,
757 2421 1090 2495 confirmo,
1144 2425 1350 2481 vitam
1411 2419 1823 2495 (mehercule)
1891 2420 2047 2481 mihi
2098 2421 2294 2501 prius,
2341 2441 2541 2500 quam
2597 2421 2725 2481 vim

510 2703 581 2745 15.
618 2698 976 2751 cognatione:
1074 2698 1436 2750 ‘relationship'
1486 2701 1539 2741 to

442 2779 575 2811 some
589 2767 733 2811 noble
747 2765 936 2818 family.
953 2764 1099 2809 alus:
1132 2766 1143 2783 ⁴
1152 2766 1295 2808 other
1306 2769 1414 2808 acts
1428 2765 1539 2807 that

442 2846 525 2878 are
548 2834 706 2886 good.'
746 2838 801 2878 to
822 2833 1229 2877 counterbalance
1249 2832 1335 2875 the
1369 2834 1543 2875 count-

440 2902 535 2946 less
557 2902 654 2945 evil
677 2901 826 2944 deeds
851 2901 1021 2943 shown
1047 2899 1116 2952 by
1142 2900 1228 2942 the
1259 2898 1506 2942 evidence.

510 2971 581 3018 18,
604 2971 679 3012 19.
712 2967 1067 3011 munitatae:
1103 2966 1306 3018 ‘clearly
1322 2965 1541 3018 proved.’

444 3046 478 3081 a
504 3036 686 3080 vobin
738 3035 861 3079 with
887 3034 1231 3078 contendere—⁸
1241 3034 1386 3076 claim
1414 3033 1541 3076 trom

444 3105 566 3157 you’
600 3104 717 3152 (like
743 3113 775 3145 a
801 3101 920 3145 verb
949 3101 1002 3144 ot
1028 3101 1324 3152 asking—A.
1352 3102 1461 3150 396.
1489 3110 1541 3150 a:

445 3172 504 3215 Β.
532 3170 635 3220 178,
661 3181 712 3218 a:
736 3169 801 3213 H.
827 3170 934 3218 411,
961 3171 1012 3217 4:
1035 3168 1183 3211 H.-B.
1208 3169 1314 3217 393,
1340 3167 1413 3216 b).

507 3240 583 3280 22.
617 3245 837 3281 eorum:
887 3236 1057 3279 Verres
1080 3234 1178 3277 and
1203 3234 1279 3276 his
1304 3234 1539 3278 advisere.

508 3306 583 3348 23.
617 3312 794 3355 aures.
826 3301 995 3346 oculi:
1047 3302 1110 3346 cf.
1163 3304 1209 3345 3.
1244 3303 1352 3345 2-4.

508 3375 584 3415 24.
618 3370 835 3423 aliquot
858 3378 1061 3413 annos:
1108 3369 1171 3412 cf.
1195 3370 1348 3411 decem
1368 3378 1538 3420 annos,

508 3508 676 3550 26-29.
712 3505 838 3557 pont
857 3505 992 3548 haec
1011 3503 1349 3547 constituta:
1370 3503 1523 3546 ‘since

444 3574 530 3617 the
563 3573 934 3616 establishment
970 3572 1023 3614 ot
1056 3571 1193 3614 these
1233 3570 1538 3621 (senatorial)

443 3641 633 3684 courts'
673 3640 754 3688 (ct.
788 3639 875 3683 1v.
910 3640 960 3682 7.
996 3638 1092 3688 11).
1157 3636 1385 3681 nullum
1420 3665 1436 3681 .
1473 3665 1489 3681 .
1524 3666 1540 3681 .

445 3706 768 3751 consulum:
847 3705 934 3747 ‘no
972 3708 1113 3748 court
1152 3705 1205 3747 ot
1222 3729 1226 3734 ’
1243 3703 1364 3747 such
1401 3704 1541 3747 char-

443 3777 581 3818 acter
607 3772 705 3816 and
733 3773 927 3823 dignity
954 3783 1008 3814 as
1035 3771 1135 3816 this
1161 3770 1290 3822 one,'
1316 3772 1411 3822 Le..
1441 3771 1542 3815 this

443 3838 561 3894 jury
584 3840 626 3883 is
648 3839 1030 3892 representative
1052 3839 1105 3881 of
1127 3839 1212 3882 the
1234 3850 1355 3892 very
1378 3839 1543 3882 flower

1626 2699 1678 2741 of
1711 2699 1796 2741 the
1829 2700 2093 2743 senatorial
2126 2701 2288 2750 order:
2321 2702 2361 2745 it
2391 2702 2432 2744 it
2468 2701 2582 2745 falls
2615 2712 2723 2743 men

1627 2765 1725 2808 will
1748 2765 1862 2808 seek
1884 2770 1973 2808 not
1996 2767 2139 2810 other
2161 2771 2381 2811 senators
2404 2769 2494 2811 but
2519 2769 2726 2812 another

1627 2831 1770 2876 order
1800 2842 1858 2875 as
1885 2831 2064 2884 juror-s.
2130 2835 2235 2879 erit
2268 2834 2576 2879 onon-um:
2638 2836 2725 2878 im·

1628 2898 1868 2953 personal‚
1914 2901 2037 2943 with
2078 2901 2197 2953 quid
2237 2901 2513 2951 adverbium
2558 2905 2621 2946 tr.
2671 2901 2725 2944 ‘it

1628 2978 1727 3020 you
1768 2965 1985 3010 stumble
2026 2971 2078 3010 at
2120 2967 2210 3010 all’
2250 2968 2303 3011 in
2342 2967 2495 3019 doing
2533 2968 2720 3019 justice.

1629 3033 1911 3078 hominen
1990 3045 2122 3079 nom.
2196 3033 2355 3079 allon
2436 3046 2574 3079 same
2613 3047 2721 3078 con-

1627 3102 1868 3145 struction
1897 3112 1953 3144 as
1980 3102 2134 3145 alium
2160 3102 2372 3144 ordinem
2399 3101 2575 3147 below.

1695 3235 1789 3279 The
1817 3236 2000 3287 praetor
2027 3235 2269 3287 presidina
2293 3233 2381 3278 has
2406 3247 2542 3288 every
2568 3236 2721 3280 incen-

1625 3302 1718 3346 tive
1734 3304 1779 3345 to
1797 3312 1870 3345 see
1885 3302 1983 3345 mat
2001 3302 2170 3354 justice
2184 3303 2230 3345 is
2245 3303 2378 3352 done.
2404 3302 2619 3353 §550-52

1690 3366 1782 3418 17.
1818 3371 1860 3419 1,
1900 3371 1944 3413 2.
1980 3369 2051 3413 ab
2088 3369 2170 3412 dle
2211 3398 2226 3413 .
2266 3398 2282 3413 .
2322 3398 2338 3414 .
2376 3371 2535 3421 opto:
2596 3372 2659 3414 cr.
2693 3381 2721 3412 a

1626 3437 1755 3480 vobis
1783 3436 2067 3486 contendere,
2102 3437 2181 3481 1⁸.
2215 3438 2289 3481 19.
2352 3437 2530 3489 quod:
2589 3442 2721 3482 ante-

1625 3504 1798 3547 cedent
1826 3504 1868 3546 is
1894 3503 1979 3546 hoc
2003 3503 2145 3549 idem.

1687 3574 1735 3614 4.
1766 3570 1942 3622 vobin.
1987 3569 2193 3622 populo
2233 3572 2515 3617 Romano:
2594 3583 2720 3616 same

1626 3638 1979 3682 construction.
2058 3638 2193 3682 With
2236 3639 2322 3682 the
2365 3649 2461 3683 one
2504 3642 2721 3692 confirmo

1626 3709 1850 3757 suggests
1896 3716 1928 3749 a
1974 3704 2154 3756 threat.
2204 3705 2325 3748 with
2373 3707 2460 3749 the
2507 3708 2651 3750 other
2694 3718 2723 3750 a

1628 3773 1854 3826 promise.
1920 3772 2022 3815 The
2054 3773 2164 3815 tour
2194 3773 2387 3816 datives
2417 3773 2471 3817 in
2504 3775 2591 3819 the
2623 3786 2723 3818 sen-

1629 3844 1770 3883 tence
1798 3850 1880 3883 are
1907 3840 2102 3891 worthy
2128 3841 2182 3884 ot
2206 3841 2383 3886 notice.
