2913 4338
1139 273 1299 330 cAP.
1343 275 1519 331 43-45
2456 269 2570 333 402·

199 448 523 528 postulant
575 447 676 510 ius
730 447 1098 523 iurandum,
1153 447 1332 527 quod
1383 453 1714 526 signatum
1769 446 1856 508 ad
1910 454 2069 509 civis
2121 445 2479 526 perferant:

202 547 372 611 ahter
399 547 579 611 haud
606 547 792 610 facile
818 556 929 609 eos
957 547 1043 610 ad
1070 553 1334 609 tanturn
1363 547 1699 626 negotium
1727 544 1949 625 inpelli
1974 564 2179 626 posse.
2269 546 2479 609 Ceteri

146 668 172 710 5
200 648 345 710 nihil
380 647 784 729 suspicantes
820 647 1002 723 dant,
1043 647 1298 711 Cassius
1334 653 1540 710 semet
1577 656 1654 709 eo
1689 647 1874 709 brevi
1908 652 2258 708 venturum
2294 645 2478 725 polli-

199 755 369 812 cetur
419 769 492 812 ac
541 748 739 828 paulo
790 752 943 810 ante
992 747 1239 826 legatos
1287 768 1370 810 ex
1418 748 1580 811 urbe
1627 746 2073 827 proficiscitur.
2162 746 2477 808 Lentulus

197 870 336 912 cum
397 857 489 912 eis
548 848 623 910 T.
688 848 1096 913 Volturcium
1160 847 1490 928 quendam
1555 848 2040 911 Crotoniensem
2105 847 2332 923 mittit,
2399 852 2476 909 ut

198 949 561 1029 Allobroges
602 949 782 1029 prius
822 969 1022 1029 quarn
1066 948 1333 1011 domum
1375 954 1736 1029 pergerent,
1783 968 1931 1011 cum
1975 947 2271 1023 Catilina,
2318 946 2477 1010 data

198 1056 387 1129 atque
433 1056 704 1130 accepta
749 1049 896 1124 fide,
946 1048 1324 1112 societatem
1375 1048 1857 1112 confirmarent.
1947 1049 2097 1128 Ipse
2142 1047 2476 1111 Volturcio

124 1168 171 1208 ιο
198 1149 437 1213 litterfis
485 1150 571 1213 ad
617 1148 965 1213 Catilinam
1015 1148 1151 1226 dat,
1201 1157 1479 1229 quarum
1528 1147 1899 1229 exemplum
1946 1147 2117 1211 infra
2162 1154 2476 1228 scriptum

197 1257 316 1315 est:

279 1350 419 1426 ‘Qui
460 1350 603 1426 sim,
647 1370 729 1413 ex
769 1359 864 1425 eo,
908 1368 1103 1430 quem
1146 1348 1231 1411 ad
1271 1353 1339 1412 te
1380 1358 1545 1424 misi,
1589 1359 1949 1428 cognosces.
2040 1352 2166 1413 Fac
2209 1348 2469 1428 cogites,

199 1449 262 1511 in
305 1455 553 1529 quanta
599 1449 972 1513 calamitate
1017 1458 1122 1525 δῖε,
1170 1455 1238 1511 et
1284 1449 1650 1511 memineris
1695 1455 1762 1512 te
1808 1447 2020 1511 virum
2065 1469 2220 1512 esse.
2308 1451 2473 1513 Con-

200 1549 441 1626 sidereS,
513 1549 673 1629 quid
736 1555 892 1612 tuae
955 1548 1237 1611 rationes
1299 1548 1653 1628 postulent.
1743 1548 2074 1610 Auxilium
2138 1554 2325 1629 petes
2390 1551 2473 1612 ab

128 1667 173 1709 15
200 1650 507 1726 omnibuS‚
542 1649 743 1713 etiarn
776 1651 859 1712 ab
888 1650 1166 1711 infimis)

273 1750 369 1812 Ad
402 1750 524 1814 hoc
563 1749 878 1812 mandata
912 1750 1125 1812 verbis
1158 1749 1300 1812 dat:
1345 1769 1495 1813 cum
1531 1751 1612 1813 ab
1647 1755 1879 1812 senatu
1911 1749 2117 1813 hostis
2150 1749 2474 1812 iudicatus

199 1850 292 1925 sit,
342 1860 473 1930 quo
523 1849 790 1913 consilio
837 1848 1102 1912 servitia
1147 1848 1482 1929 repudiet?
1523 1848 1593 1910 in
1638 1850 1796 1911 urbe
1842 1855 2076 1929 parata
2122 1868 2258 1911 esse
2306 1869 2474 1928 quae

200 1949 459 2014 iusserit.
551 1951 651 2013 Ne
701 1955 1043 2013 cunctetur
1091 1948 1229 2029 ipse
1278 1948 1545 2029 propius
1595 1948 1921 2028 adcedere.

272 2051 370 2115 45.
418 2051 540 2113 His
569 2051 761 2114 rebus
788 2049 885 2113 ita
916 2056 1096 2125 actis
1128 2048 1490 2113 constitute.
1517 2055 1708 2112 nocte
1738 2058 1870 2127 qua
1896 2050 2470 2130 proficiscerentur,

201 2149 402 2214 Cicero
427 2172 544 2232 per
570 2150 817 2230 legatos
843 2155 1081 2214 cuncta
1107 2150 1376 2214 edoctus
1403 2149 1474 2211 L.
1505 2148 1760 2212 Valerio
1788 2150 2018 2214 Flacco
2043 2156 2112 2214 et
2138 2151 2205 2212 C.
2237 2150 2472 2230 Pomp-

202 2257 327 2314 tino
358 2252 766 2332 praetoribus
799 2251 1097 2330 imperat,
1133 2256 1209 2312 ut
1241 2250 1310 2313 in
1341 2255 1544 2330 ponte
1579 2249 1823 2312 Mulvio
1856 2271 1969 2331 per
2001 2250 2267 2312 insidias
2301 2250 2474 2314 Allo-

263 2445 350 2489 The
385 2445 534 2489 Gallie
568 2456 738 2495 envovs
769 2445 943 2488 receive
976 2455 1100 2487 some
1132 2444 1279 2487 letters

198 2512 240 2554 to
263 2525 388 2564 carry
414 2514 560 2556 home.
625 2511 763 2554 What
788 2511 1017 2554 Lentulus
1043 2512 1190 2553 wrote.

259 2575 339 2627 44.
373 2582 416 2623 3.
445 2580 536 2623 ius
563 2579 897 2622 iurandum:
952 2577 1072 2620 soin
1102 2576 1198 2619 111.
1229 2577 1280 2619 4.

204 2646 252 2687 11
279 2657 344 2689 we
367 2646 481 2689 read
511 2646 641 2688 their
668 2646 936 2695 testimony
963 2644 1072 2686 that
1101 2643 1180 2685 ius
1205 2643 1282 2685 iu-

198 2713 387 2756 randum
416 2713 508 2755 eibi
540 2714 581 2754 et
614 2712 789 2754 litteras
818 2711 929 2753 data
958 2721 1068 2753 esse.
1132 2708 1283 2760 quod

202 2805 218 2820 .
245 2807 256 2818 .
286 2811 298 2822 .
324 2779 628 2830 veneunt:
683 2788 906 2830 purpose.
965 2777 1282 2828 signarunt

199 2846 410 2898 stamped
435 2846 556 2889 with
584 2845 711 2888 their
738 2844 875 2887 seals.

256 2914 297 2956 5.
328 2913 487 2957 dant}
539 2924 606 2955 sc.
636 2912 715 2954 ius
741 2912 1002 2954 iurandum
1027 2910 1282 2962 sinuatum.

259 2981 326 3022 10.
356 2981 564 3025 litteras
581 2980 674 3024 ad:
697 2978 756 3026 ct.
788 2977 882 3021 111.
911 2980 960 3022 5.
989 2981 1062 3027 12.
1088 2980 1160 3021 18.
1199 2985 1285 3020 ex-

201 3044 460 3097 emnium:
520 3045 979 3097 ‘acopy.’asin34.
999 3046 1072 3088 12.
1123 3044 1285 3087 Cicero

205 3111 308 3159 (111.
357 3116 405 3157 5.
452 3115 514 3157 36
551 3113 629 3162 ff.)
671 3116 844 3161 quotes
895 3111 993 3154 this
1040 3110 1187 3154 letter
1233 3110 1285 3152 in

202 3177 383 3232 slightly
411 3179 640 3222 different
674 3179 814 3227 torm,
847 3179 946 3220 and
975 3189 1088 3230 says
1116 3178 1155 3220 it
1185 3188 1285 3219 was

203 3246 380 3289 written
418 3246 523 3289 sine
564 3246 769 3294 nomine,
813 3245 905 3294 i.e..
949 3245 1157 3288 without
1200 3244 1285 3287 the

204 3312 326 3355 usual
375 3314 595 3364 greetmg
644 3318 697 3354 at
750 3311 835 3355 the
884 3312 1148 3362 beginning
1202 3313 1283 3361 (cf.

206 3377 433 3423 Catiline's
478 3379 641 3427 letter.
693 3378 770 3422 ch.
819 3381 896 3430 35,
942 3378 1041 3421 and
1088 3390 1188 3430 any
1234 3380 1285 3420 of

205 3443 390 3489 Cicero's
413 3447 558 3497 given
583 3446 635 3488 in
661 3446 761 3488 this
785 3445 1010 3496 edition).

262 3514 313 3555 12
359 3522 422 3556 eo
445 3521 619 3565 quem
645 3513 797 3556 mm:
846 3513 1141 3557 Volturcius
1193 3512 1283 3555 tac

206 3580 418 3630 cogita:
508 3580 572 3624 ct.
625 3580 758 3623 Verr.
809 3581 885 3624 1⁷.
938 3582 1015 3629 16:
1059 3580 1137 3631 rac
1181 3579 1283 3622 also

206 3653 393 3694 governs
419 3646 557 3691 three
586 3647 727 3689 other
754 3647 918 3694 verbs:
946 3647 1134 3689 which?

265 3715 330 3756 15.
363 3713 599 3758 infimis:
652 3712 810 3756 slaves
835 3713 933 3756 and
960 3712 1220 3756 criminals.

266 3782 318 3822 16
364 3782 566 3826 vorbis:
622 3780 834 3831 ‘orally.’
894 3789 1050 3824 eumz
1102 3779 1281 3831 causal,

206 3846 505 3891 subordinate
536 3853 590 3892 to
620 3848 846 3899 repudiet.

1440 2446 1511 2493 17,
1545 2445 1616 2488 18.
1651 2445 1922 2496 repudiet.
1964 2453 2095 2495 esse.
2150 2445 2471 2488 cunctetur:

1375 2511 1513 2554 these
1549 2512 1685 2554 three
1721 2511 1865 2555 verbs
1902 2511 2145 2555 illustrate
2180 2511 2266 2554 the
2300 2512 2473 2554 moods

1375 2578 1427 2618 in
1447 2578 1686 2630 principal
1707 2579 1894 2622 clauses
1913 2580 1965 2621 in
1984 2579 2190 2622 indirect
2212 2579 2470 2629 discourse,

1374 2644 1738 2695 interrogative,
1786 2646 2083 2690 declarative
2125 2647 2223 2690 and
2266 2647 2474 2699 impera-

1377 2711 1479 2754 tive
1542 2713 1879 2764 respectively.
1979 2714 2200 2765 Possibly
2262 2714 2473 2765 repudiet

1376 2783 1650 2829 represents
1698 2791 1729 2822 a
1780 2779 2112 2832 ‘repudiating
2161 2781 2386 2830 question
2397 2782 2474 2809 ³—-

1380 2845 1515 2896 ‘why
1548 2845 1715 2889 should
1747 2847 1810 2890 he
1842 2848 1992 2898 reject
2029 2848 2114 2892 the
2148 2848 2472 2891 slavesY'-in

1377 2910 1536 2954 which
1569 2925 1678 2957 case
1709 2915 1750 2957 it
1785 2914 1946 2957 would
1982 2915 2042 2958 be
2075 2915 2387 2964 subjunctive
2420 2914 2472 2957 in

1379 2979 1465 3021 the
1488 2979 1640 3023 direct
1664 2982 1790 3023 form
1820 2981 1900 3030 (ci'.
1925 2983 2040 3032 quid
2060 2983 2102 3024 te
2123 2982 2329 3031 invitem,
2356 2980 2397 3025 1.
2421 2982 2472 3025 9.

1379 3047 1479 3096 21).
1549 3048 1689 3099 ipse:
1765 3048 1984 3098 Catiline.
2025 3060 2080 3092 as
2118 3047 2471 3100 distinguished

1379 3113 1505 3155 from
1540 3114 1625 3157 the
1659 3119 1829 3164 agents
1864 3115 1916 3156 of
1950 3117 2120 3167 parata
2153 3127 2263 3159 esse.
2334 3115 2471 3159 With

1378 3181 1592 3223 adcedere
1616 3182 1678 3224 cf.
1704 3181 1788 3223 the
1812 3181 1927 3233 plan
1950 3183 2015 3224 ad
2039 3182 2297 3226 Catilinam
2320 3192 2474 3225 erum-

1378 3249 1549 3298 perent,
1578 3249 1659 3290 43.
1690 3251 1761 3291 14.

1447 3380 1541 3422 The
1560 3381 1707 3423 letters
1725 3382 1822 3424 and
1840 3382 1959 3424 their
1977 3384 2155 3426 bearet-8
2173 3385 2396 3435 captured
2414 3386 2471 3435 bv

1378 3447 1450 3489 the
1471 3449 1776 3497 aevernment.

1443 3509 1533 3561 45.
1572 3515 1613 3556 1.
1647 3514 1958 3558 constituta.
1989 3517 2175 3560 nocte:
2238 3517 2352 3560 Dec.
2374 3519 2470 3560 2-3.

1379 3588 1516 3631 qua:
1557 3580 1776 3623 relative.

1441 3650 1484 3697 2,
1518 3649 1563 3690 3.
1595 3647 1834 3700 innatos:
1894 3660 1960 3693 sc.
1992 3649 2302 3703 Allobroaum.
2336 3663 2390 3695 as
2419 3652 2470 3694 in

1378 3715 1437 3756 41
1487 3717 1532 3758 8.
1593 3716 1822 3760 cuncta:
1876 3716 1938 3760 cf.
1981 3718 2129 3760 multa
2174 3719 2286 3769 alia.
2316 3721 2397 3763 25.
2425 3722 2471 3762 5.

1377 3781 1587 3832 flacco.
1611 3781 1935 3834 Pomptino:
1977 3787 2111 3829 With
2131 3787 2262 3832 what
2285 3789 2472 3831 follows

1378 3850 1439 3891 cr.
1470 3849 1675 3891 Cicero's
1698 3860 1924 3901 account,
1954 3852 2048 3895 ΙΙΙ.
2075 3854 2124 3897 2.
2151 3856 2317 3899 21-36.
2377 3864 2472 3908 pet
