<?xml version="1.0" encoding="UTF-8"?>
<!DOCTYPE html PUBLIC "-//W3C//DTD XHTML 1.0 Transitional//EN"
    "http://www.w3.org/TR/xhtml1/DTD/xhtml1-transitional.dtd">
<html xmlns="http://www.w3.org/1999/xhtml" xml:lang="en" lang="en">
 <head>
  <title>
</title>
<meta http-equiv="Content-Type" content="text/html;charset=utf-8" />
  <meta name='ocr-system' content='tesseract 3.04.00' />
  <meta name='ocr-capabilities' content='ocr_page ocr_carea ocr_par ocr_line ocrx_word'/>
</head>
<body>
  <div class='ocr_page' id='page_1' title='image "./selectedoration00kinggoog_0291.png"; bbox 0 0 2913 4338; ppageno 0'>
   <div class='ocr_carea' id='block_1_1' title="bbox 1068 248 2676 330">
    <p class='ocr_par' dir='ltr' id='par_1_1' title="bbox 1068 248 2676 330">
     <span class='ocr_line' id='line_1_1' title="bbox 1068 248 2676 330; baseline 0.001 -19"><span class='ocrx_word' id='word_1_1' title='bbox 1068 256 1224 311; x_wconf 82' lang='lat' dir='ltr'>CAP.</span> <span class='ocrx_word' id='word_1_2' title='bbox 1275 256 1467 320; x_wconf 86' lang='lat'>13-14‚</span> <span class='ocrx_word' id='word_1_3' title='bbox 1505 248 1582 330; x_wconf 71' lang='lat' dir='ltr'>gg</span> <span class='ocrx_word' id='word_1_4' title='bbox 1629 255 1800 308; x_wconf 87' lang='lat'>38-42</span> <span class='ocrx_word' id='word_1_5' title='bbox 2558 250 2676 312; x_wconf 84' lang='lat'>271</span> 
     </span>
    </p>
   </div>
   <div class='ocr_carea' id='block_1_2' title="bbox 182 427 2684 2809">
    <p class='ocr_par' dir='ltr' id='par_1_2' title="bbox 182 427 2684 2809">
     <span class='ocr_line' id='line_1_2' title="bbox 281 427 2583 514; baseline -0.003 -18"><span class='ocrx_word' id='word_1_6' title='bbox 281 432 620 514; x_wconf 77' lang='lat' dir='ltr'>spolieret:</span> <span class='ocrx_word' id='word_1_7' title='bbox 675 451 888 512; x_wconf 91' lang='lat' dir='ltr'>neque</span> <span class='ocrx_word' id='word_1_8' title='bbox 940 429 1063 492; x_wconf 85' lang='lat' dir='ltr'>sibi</span> <span class='ocrx_word' id='word_1_9' title='bbox 1117 430 1237 493; x_wconf 84' lang='lat' dir='ltr'>seli</span> <span class='ocrx_word' id='word_1_10' title='bbox 1287 438 1633 511; x_wconf 72' lang='lat' dir='ltr'>pecemam</span> <span class='ocrx_word' id='word_1_11' title='bbox 1688 449 2012 509; x_wconf 80' lang='lat' dir='ltr'>quaerere,</span> <span class='ocrx_word' id='word_1_12' title='bbox 2070 428 2183 492; x_wconf 89' lang='lat' dir='ltr'>sed</span> <span class='ocrx_word' id='word_1_13' title='bbox 2236 427 2333 491; x_wconf 89' lang='lat' dir='ltr'>ita</span> <span class='ocrx_word' id='word_1_14' title='bbox 2387 427 2583 490; x_wconf 91' lang='lat' dir='ltr'>trien-</span> 
     </span>
     <span class='ocr_line' id='line_1_3' title="bbox 280 529 2582 611; baseline -0.003 -18"><span class='ocrx_word' id='word_1_15' title='bbox 280 532 468 595; x_wconf 87' lang='lat' dir='ltr'>nium</span> <span class='ocrx_word' id='word_1_16' title='bbox 510 531 670 592; x_wconf 91' lang='lat' dir='ltr'>illud</span> <span class='ocrx_word' id='word_1_17' title='bbox 709 536 1056 611; x_wconf 73' lang='lat' dir='ltr'>praeturae</span> <span class='ocrx_word' id='word_1_18' title='bbox 1095 529 1441 593; x_wconf 75' lang='lat' dir='ltr'>Siciliensis</span> <span class='ocrx_word' id='word_1_19' title='bbox 1482 529 1905 591; x_wconf 79' lang='lat' dir='ltr'>distribfitum</span> <span class='ocrx_word' id='word_1_20' title='bbox 1946 529 2202 603; x_wconf 88' lang='lat' dir='ltr'>habere,</span> <span class='ocrx_word' id='word_1_21' title='bbox 2247 535 2323 591; x_wconf 92' lang='lat' dir='ltr'>ut</span> <span class='ocrx_word' id='word_1_22' title='bbox 2363 537 2582 590; x_wconf 91' lang='lat' dir='ltr'>secum</span> 
     </span>
     <span class='ocr_line' id='line_1_4' title="bbox 280 628 2582 712; baseline -0.003 -19"><span class='ocrx_word' id='word_1_23' title='bbox 280 630 614 712; x_wconf 61' lang='lat' dir='ltr'>praeclare</span> <span class='ocrx_word' id='word_1_24' title='bbox 666 640 772 710; x_wconf 86' lang='lat' dir='ltr'>agi</span> <span class='ocrx_word' id='word_1_25' title='bbox 821 630 1081 705; x_wconf 88' lang='lat' dir='ltr'>diceret,</span> <span class='ocrx_word' id='word_1_26' title='bbox 1135 638 1192 692; x_wconf 86' lang='lat' dir='ltr'>si</span> <span class='ocrx_word' id='word_1_27' title='bbox 1242 638 1434 705; x_wconf 73' lang='lat' dir='ltr'>nnius</span> <span class='ocrx_word' id='word_1_28' title='bbox 1486 638 1642 691; x_wconf 85' lang='lat' dir='ltr'>anni</span> <span class='ocrx_word' id='word_1_29' title='bbox 1691 634 2037 709; x_wconf 87' lang='lat' dir='ltr'>quaestum</span> <span class='ocrx_word' id='word_1_30' title='bbox 2089 628 2158 689; x_wconf 91' lang='lat' dir='ltr'>in</span> <span class='ocrx_word' id='word_1_31' title='bbox 2208 648 2344 690; x_wconf 90' lang='lat' dir='ltr'>rem</span> <span class='ocrx_word' id='word_1_32' title='bbox 2397 647 2582 689; x_wconf 89' lang='lat' dir='ltr'>suam</span> 
     </span>
     <span class='ocr_line' id='line_1_5' title="bbox 282 727 2585 811; baseline -0.003 -16"><span class='ocrx_word' id='word_1_33' title='bbox 282 734 718 807; x_wconf 88' lang='lat' dir='ltr'>converteret,</span> <span class='ocrx_word' id='word_1_34' title='bbox 776 730 1055 793; x_wconf 89' lang='lat' dir='ltr'>alterum</span> <span class='ocrx_word' id='word_1_35' title='bbox 1111 735 1407 811; x_wconf 85' lang='lat' dir='ltr'>patrenis</span> <span class='ocrx_word' id='word_1_36' title='bbox 1463 734 1532 791; x_wconf 92' lang='lat' dir='ltr'>et</span> <span class='ocrx_word' id='word_1_37' title='bbox 1589 727 2032 791; x_wconf 83' lang='lat' dir='ltr'>defenseribus</span> <span class='ocrx_word' id='word_1_38' title='bbox 2089 727 2396 802; x_wconf 78' lang='lat' dir='ltr'>traderet,</span> <span class='ocrx_word' id='word_1_39' title='bbox 2457 732 2585 789; x_wconf 92' lang='lat' dir='ltr'>ter-</span> 
     </span>
     <span class='ocr_line' id='line_1_6' title="bbox 183 815 2583 908; baseline -0.002 -15"><span class='ocrx_word' id='word_1_40' title='bbox 183 849 248 893; x_wconf 89' lang='lat'>10</span> <span class='ocrx_word' id='word_1_41' title='bbox 282 831 455 895; x_wconf 92' lang='lat' dir='ltr'>tium</span> <span class='ocrx_word' id='word_1_42' title='bbox 515 815 732 892; x_wconf 66' lang='lat' dir='ltr'>illum&#39;</span> <span class='ocrx_word' id='word_1_43' title='bbox 759 829 1158 894; x_wconf 77' lang='lat' dir='ltr'>uberrimum</span> <span class='ocrx_word' id='word_1_44' title='bbox 1220 827 1996 908; x_wconf 86' lang='lat' dir='ltr'>quaestuesissimumque</span> <span class='ocrx_word' id='word_1_45' title='bbox 2059 848 2301 890; x_wconf 88' lang='lat' dir='ltr'>annum</span> <span class='ocrx_word' id='word_1_46' title='bbox 2365 833 2583 890; x_wconf 85' lang='lat' dir='ltr'>tetum</span> 
     </span>
     <span class='ocr_line' id='line_1_7' title="bbox 281 929 1038 994; baseline -0.004 0"><span class='ocrx_word' id='word_1_47' title='bbox 281 931 611 994; x_wconf 76' lang='lat' dir='ltr'>iudicibus</span> <span class='ocrx_word' id='word_1_48' title='bbox 639 929 1038 993; x_wconf 57' lang='lat' dir='ltr'>reservaret)</span> 
     </span>
     <span class='ocr_line' id='line_1_8' title="bbox 369 1028 2684 1111; baseline -0.001 -18"><span class='ocrx_word' id='word_1_49' title='bbox 369 1032 477 1093; x_wconf 89' lang='lat' dir='ltr'>Ex</span> <span class='ocrx_word' id='word_1_50' title='bbox 532 1039 665 1111; x_wconf 86' lang='lat' dir='ltr'>que</span> <span class='ocrx_word' id='word_1_51' title='bbox 722 1029 881 1092; x_wconf 89' lang='lat' dir='ltr'>mihi</span> <span class='ocrx_word' id='word_1_52' title='bbox 939 1029 1122 1091; x_wconf 90' lang='lat' dir='ltr'>venit</span> <span class='ocrx_word' id='word_1_53' title='bbox 1177 1029 1246 1090; x_wconf 91' lang='lat' dir='ltr'>in</span> <span class='ocrx_word' id='word_1_54' title='bbox 1305 1036 1593 1092; x_wconf 79' lang='lat' dir='ltr'>mentem</span> <span class='ocrx_word' id='word_1_55' title='bbox 1650 1028 1809 1091; x_wconf 91' lang='lat' dir='ltr'>illud</span> <span class='ocrx_word' id='word_1_56' title='bbox 1868 1029 2077 1092; x_wconf 84' lang='lat' dir='ltr'>dicere</span> <span class='ocrx_word' id='word_1_57' title='bbox 2143 1028 2345 1108; x_wconf 91' lang='lat' dir='ltr'>(quod</span> <span class='ocrx_word' id='word_1_58' title='bbox 2405 1028 2580 1109; x_wconf 87' lang='lat' dir='ltr'>apud</span> <span class='ocrx_word' id='word_1_59' title='bbox 2601 1031 2684 1092; x_wconf 85' lang='grc'>41,</span> 
     </span>
     <span class='ocr_line' id='line_1_9' title="bbox 282 1128 2592 1208; baseline -0.001 -15"><span class='ocrx_word' id='word_1_60' title='bbox 282 1131 397 1193; x_wconf 87' lang='grc' dir='ltr'>Μ’.</span> <span class='ocrx_word' id='word_1_61' title='bbox 474 1129 890 1194; x_wconf 86' lang='lat' dir='ltr'>Glabrienem</span> <span class='ocrx_word' id='word_1_62' title='bbox 962 1138 1168 1208; x_wconf 83' lang='lat' dir='ltr'>niiper</span> <span class='ocrx_word' id='word_1_63' title='bbox 1242 1149 1390 1191; x_wconf 92' lang='lat' dir='ltr'>cum</span> <span class='ocrx_word' id='word_1_64' title='bbox 1462 1128 1533 1190; x_wconf 93' lang='lat' dir='ltr'>in</span> <span class='ocrx_word' id='word_1_65' title='bbox 1602 1128 1946 1191; x_wconf 83' lang='lat' dir='ltr'>reiciundis</span> <span class='ocrx_word' id='word_1_66' title='bbox 2017 1128 2339 1192; x_wconf 74' lang='lat' dir='ltr'>iudicibus</span> <span class='ocrx_word' id='word_1_67' title='bbox 2412 1149 2592 1193; x_wconf 89' lang='lat' dir='ltr'>com-</span> 
     </span>
     <span class='ocr_line' id='line_1_10' title="bbox 284 1227 2591 1311; baseline -0.001 -19"><span class='ocrx_word' id='word_1_68' title='bbox 284 1240 769 1306; x_wconf 79' lang='lat' dir='ltr'>memoressem,</span> <span class='ocrx_word' id='word_1_69' title='bbox 875 1228 1166 1291; x_wconf 76' lang='lat' dir='ltr'>intellexi</span> <span class='ocrx_word' id='word_1_70' title='bbox 1268 1227 1686 1291; x_wconf 90' lang='lat' dir='ltr'>vehementer</span> <span class='ocrx_word' id='word_1_71' title='bbox 1786 1227 2105 1311; x_wconf 91' lang='lat' dir='ltr'>populum</span> <span class='ocrx_word' id='word_1_72' title='bbox 2210 1230 2591 1292; x_wconf 79' lang='lat' dir='ltr'>Remenum</span> 
     </span>
     <span class='ocr_line' id='line_1_11' title="bbox 185 1328 2592 1409; baseline -0 -16"><span class='ocrx_word' id='word_1_73' title='bbox 185 1350 250 1393; x_wconf 86' lang='lat'>15</span> <span class='ocrx_word' id='word_1_74' title='bbox 284 1330 734 1405; x_wconf 77' lang='lat' dir='ltr'>commoveri),</span> <span class='ocrx_word' id='word_1_75' title='bbox 791 1338 897 1392; x_wconf 91' lang='lat' dir='ltr'>me</span> <span class='ocrx_word' id='word_1_76' title='bbox 950 1328 1271 1404; x_wconf 77' lang='lat' dir='ltr'>arbitreri,</span> <span class='ocrx_word' id='word_1_77' title='bbox 1327 1328 1465 1391; x_wconf 85' lang='lat' dir='ltr'>fore</span> <span class='ocrx_word' id='word_1_78' title='bbox 1519 1334 1618 1390; x_wconf 92' lang='lat' dir='ltr'>uti</span> <span class='ocrx_word' id='word_1_79' title='bbox 1670 1329 1969 1391; x_wconf 75' lang='lat' dir='ltr'>natienes</span> <span class='ocrx_word' id='word_1_80' title='bbox 2020 1335 2283 1392; x_wconf 75' lang='lat' dir='ltr'>exterae</span> <span class='ocrx_word' id='word_1_81' title='bbox 2334 1329 2592 1409; x_wconf 75' lang='lat' dir='ltr'>legates</span> 
     </span>
     <span class='ocr_line' id='line_1_12' title="bbox 285 1427 2593 1510; baseline -0 -18"><span class='ocrx_word' id='word_1_82' title='bbox 285 1429 373 1493; x_wconf 90' lang='lat' dir='ltr'>ad</span> <span class='ocrx_word' id='word_1_83' title='bbox 424 1428 743 1510; x_wconf 92' lang='lat' dir='ltr'>populum</span> <span class='ocrx_word' id='word_1_84' title='bbox 798 1430 1173 1492; x_wconf 72' lang='lat' dir='ltr'>Remenum</span> <span class='ocrx_word' id='word_1_85' title='bbox 1228 1429 1585 1503; x_wconf 86' lang='lat' dir='ltr'>mitterent,</span> <span class='ocrx_word' id='word_1_86' title='bbox 1643 1433 1720 1490; x_wconf 90' lang='lat' dir='ltr'>ut</span> <span class='ocrx_word' id='word_1_87' title='bbox 1771 1427 1878 1491; x_wconf 93' lang='lat' dir='ltr'>lex</span> <span class='ocrx_word' id='word_1_88' title='bbox 1931 1428 2012 1492; x_wconf 93' lang='lat' dir='ltr'>de</span> <span class='ocrx_word' id='word_1_89' title='bbox 2063 1429 2353 1510; x_wconf 76' lang='lat' dir='ltr'>pecuniis</span> <span class='ocrx_word' id='word_1_90' title='bbox 2405 1449 2593 1509; x_wconf 87' lang='lat' dir='ltr'>repe-</span> 
     </span>
     <span class='ocr_line' id='line_1_13' title="bbox 284 1527 2587 1608; baseline -0.001 -16"><span class='ocrx_word' id='word_1_91' title='bbox 284 1529 514 1592; x_wconf 89' lang='lat' dir='ltr'>tundis</span> <span class='ocrx_word' id='word_1_92' title='bbox 576 1528 1017 1608; x_wconf 77' lang='lat' dir='ltr'>iudiciumque</span> <span class='ocrx_word' id='word_1_93' title='bbox 1080 1527 1432 1591; x_wconf 91' lang='lat' dir='ltr'>tolleretur.</span> <span class='ocrx_word' id='word_1_94' title='bbox 1522 1528 1591 1590; x_wconf 88' lang='lat' dir='ltr'>Si</span> <span class='ocrx_word' id='word_1_95' title='bbox 1652 1528 1824 1590; x_wconf 90' lang='lat' dir='ltr'>enim</span> <span class='ocrx_word' id='word_1_96' title='bbox 1887 1528 2126 1591; x_wconf 78' lang='lat' dir='ltr'>iudicia</span> <span class='ocrx_word' id='word_1_97' title='bbox 2161 1529 2367 1591; x_wconf 78' lang='lat' dir='ltr'>·nulla</span> <span class='ocrx_word' id='word_1_98' title='bbox 2428 1529 2587 1604; x_wconf 78' lang='lat' dir='ltr'>sint,</span> 
     </span>
     <span class='ocr_line' id='line_1_14' title="bbox 282 1627 2583 1709; baseline 0 -17"><span class='ocrx_word' id='word_1_99' title='bbox 282 1635 551 1692; x_wconf 86' lang='lat' dir='ltr'>tantum</span> <span class='ocrx_word' id='word_1_100' title='bbox 602 1637 806 1690; x_wconf 75' lang='lat' dir='ltr'>finum</span> <span class='ocrx_word' id='word_1_101' title='bbox 857 1647 1182 1709; x_wconf 90' lang='lat' dir='ltr'>quemque</span> <span class='ocrx_word' id='word_1_102' title='bbox 1233 1627 1605 1690; x_wconf 76' lang='lat' dir='ltr'>abletfirum</span> <span class='ocrx_word' id='word_1_103' title='bbox 1654 1633 1917 1708; x_wconf 89' lang='lat' dir='ltr'>putant,</span> <span class='ocrx_word' id='word_1_104' title='bbox 1962 1635 2285 1709; x_wconf 88' lang='lat' dir='ltr'>quantum</span> <span class='ocrx_word' id='word_1_105' title='bbox 2335 1629 2459 1693; x_wconf 87' lang='lat' dir='ltr'>sibi</span> <span class='ocrx_word' id='word_1_106' title='bbox 2509 1650 2583 1692; x_wconf 88' lang='lat' dir='ltr'>ac</span> 
     </span>
     <span class='ocr_line' id='line_1_15' title="bbox 282 1727 2585 1807; baseline -0 -16"><span class='ocrx_word' id='word_1_107' title='bbox 282 1729 503 1792; x_wconf 88' lang='lat' dir='ltr'>liberis</span> <span class='ocrx_word' id='word_1_108' title='bbox 576 1737 708 1791; x_wconf 87' lang='lat' dir='ltr'>suis</span> <span class='ocrx_word' id='word_1_109' title='bbox 781 1728 940 1790; x_wconf 87' lang='lat' dir='ltr'>satis</span> <span class='ocrx_word' id='word_1_110' title='bbox 1012 1748 1150 1790; x_wconf 89' lang='lat' dir='ltr'>esse</span> <span class='ocrx_word' id='word_1_111' title='bbox 1223 1727 1601 1791; x_wconf 86' lang='lat' dir='ltr'>arbitretur:</span> <span class='ocrx_word' id='word_1_112' title='bbox 1675 1748 1868 1803; x_wconf 91' lang='lat' dir='ltr'>nunc,</span> <span class='ocrx_word' id='word_1_113' title='bbox 1946 1729 2122 1807; x_wconf 92' lang='lat' dir='ltr'>quod</span> <span class='ocrx_word' id='word_1_114' title='bbox 2196 1729 2333 1791; x_wconf 85' lang='lat' dir='ltr'>eius</span> <span class='ocrx_word' id='word_1_115' title='bbox 2407 1729 2585 1792; x_wconf 90' lang='lat' dir='ltr'>modi</span> 
     </span>
     <span class='ocr_line' id='line_1_16' title="bbox 183 1826 2579 1909; baseline -0.001 -18"><span class='ocrx_word' id='word_1_116' title='bbox 183 1848 252 1892; x_wconf 85' lang='lat'>20</span> <span class='ocrx_word' id='word_1_117' title='bbox 282 1828 526 1892; x_wconf 73' lang='lat' dir='ltr'>iudicia</span> <span class='ocrx_word' id='word_1_118' title='bbox 571 1828 721 1904; x_wconf 88' lang='lat' dir='ltr'>sint,</span> <span class='ocrx_word' id='word_1_119' title='bbox 770 1833 1034 1891; x_wconf 89' lang='lat' dir='ltr'>tantum</span> <span class='ocrx_word' id='word_1_120' title='bbox 1097 1837 1301 1890; x_wconf 75' lang='lat' dir='ltr'>imum</span> <span class='ocrx_word' id='word_1_121' title='bbox 1364 1848 1689 1909; x_wconf 89' lang='lat' dir='ltr'>quemque</span> <span class='ocrx_word' id='word_1_122' title='bbox 1751 1826 2021 1903; x_wconf 85' lang='lat' dir='ltr'>auferre,</span> <span class='ocrx_word' id='word_1_123' title='bbox 2069 1835 2393 1909; x_wconf 90' lang='lat' dir='ltr'>quantum</span> <span class='ocrx_word' id='word_1_124' title='bbox 2437 1829 2579 1904; x_wconf 89' lang='lat' dir='ltr'>sibi,</span> 
     </span>
     <span class='ocr_line' id='line_1_17' title="bbox 280 1927 2581 2010; baseline 0 -19"><span class='ocrx_word' id='word_1_125' title='bbox 280 1935 600 2010; x_wconf 75' lang='lat' dir='ltr'>patronis,</span> <span class='ocrx_word' id='word_1_126' title='bbox 671 1928 1030 2004; x_wconf 78' lang='lat' dir='ltr'>advocatiS,</span> <span class='ocrx_word' id='word_1_127' title='bbox 1098 1933 1402 2009; x_wconf 84' lang='lat' dir='ltr'>praeteri,</span> <span class='ocrx_word' id='word_1_128' title='bbox 1473 1928 1812 2003; x_wconf 73' lang='lat' dir='ltr'>indicibus,</span> <span class='ocrx_word' id='word_1_129' title='bbox 1882 1929 2042 1991; x_wconf 87' lang='lat' dir='ltr'>satis</span> <span class='ocrx_word' id='word_1_130' title='bbox 2108 1927 2403 1991; x_wconf 74' lang='lat' dir='ltr'>futurum</span> <span class='ocrx_word' id='word_1_131' title='bbox 2470 1928 2581 1991; x_wconf 88' lang='lat' dir='ltr'>sit:</span> 
     </span>
     <span class='ocr_line' id='line_1_18' title="bbox 281 2014 2583 2109; baseline -0 -19"><span class='ocrx_word' id='word_1_132' title='bbox 281 2029 408 2092; x_wconf 96' lang='lat' dir='ltr'>hoc</span> <span class='ocrx_word' id='word_1_133' title='bbox 434 2020 439 2024; x_wconf 42' lang='lat'><strong>⁴</strong></span> <span class='ocrx_word' id='word_1_134' title='bbox 469 2028 764 2109; x_wconf 84' lang='lat' dir='ltr'>profecte</span> <span class='ocrx_word' id='word_1_135' title='bbox 825 2014 1157 2090; x_wconf 79' lang='lat' dir='ltr'>infinitum</span> <span class='ocrx_word' id='word_1_136' title='bbox 1219 2047 1381 2091; x_wconf 88' lang='lat' dir='ltr'>esse:</span> <span class='ocrx_word' id='word_1_137' title='bbox 1443 2037 1513 2090; x_wconf 91' lang='lat' dir='ltr'>se</span> <span class='ocrx_word' id='word_1_138' title='bbox 1575 2027 1936 2090; x_wconf 75' lang='lat' dir='ltr'>avarissimi</span> <span class='ocrx_word' id='word_1_139' title='bbox 1996 2028 2274 2092; x_wconf 90' lang='lat' dir='ltr'>hominis</span> <span class='ocrx_word' id='word_1_140' title='bbox 2337 2028 2583 2108; x_wconf 91' lang='lat' dir='ltr'>cupidi-</span> 
     </span>
     <span class='ocr_line' id='line_1_19' title="bbox 283 2127 2300 2210; baseline -0.001 -17"><span class='ocrx_word' id='word_1_141' title='bbox 283 2133 416 2193; x_wconf 74' lang='lat' dir='ltr'>teti</span> <span class='ocrx_word' id='word_1_142' title='bbox 485 2128 856 2192; x_wconf 84' lang='lat' dir='ltr'>satisfacere</span> <span class='ocrx_word' id='word_1_143' title='bbox 884 2147 1092 2210; x_wconf 86' lang='lat' dir='ltr'>posse,</span> <span class='ocrx_word' id='word_1_144' title='bbox 1125 2127 1567 2192; x_wconf 89' lang='lat' dir='ltr'>nocentissimi</span> <span class='ocrx_word' id='word_1_145' title='bbox 1595 2127 1906 2193; x_wconf 86' lang='lat' dir='ltr'>victeriae</span> <span class='ocrx_word' id='word_1_146' title='bbox 1934 2138 2069 2191; x_wconf 85' lang='lat' dir='ltr'>nen</span> <span class='ocrx_word' id='word_1_147' title='bbox 2094 2148 2300 2209; x_wconf 88' lang='lat' dir='ltr'>posse.</span> 
     </span>
     <span class='ocr_line' id='line_1_20' title="bbox 370 2219 2678 2310; baseline 0 -20"><span class='ocrx_word' id='word_1_148' title='bbox 370 2219 429 2290; x_wconf 85' lang='lat' dir='ltr'>O</span> <span class='ocrx_word' id='word_1_149' title='bbox 491 2229 1059 2292; x_wconf 90' lang='lat' dir='ltr'>commemoranda</span> <span class='ocrx_word' id='word_1_150' title='bbox 1119 2228 1375 2305; x_wconf 77' lang='lat' dir='ltr'>iudicia,</span> <span class='ocrx_word' id='word_1_151' title='bbox 1438 2228 1967 2310; x_wconf 78' lang='lat' dir='ltr'>praeclaramque</span> <span class='ocrx_word' id='word_1_152' title='bbox 2028 2229 2578 2291; x_wconf 74' lang='lat' dir='ltr'>existimetienem</span> <span class='ocrx_word' id='word_1_153' title='bbox 2597 2232 2678 2291; x_wconf 89' lang='lat'>42</span> 
     </span>
     <span class='ocr_line' id='line_1_21' title="bbox 182 2328 2582 2409; baseline -0.001 -16"><span class='ocrx_word' id='word_1_154' title='bbox 182 2350 250 2393; x_wconf 85' lang='lat'>25</span> <span class='ocrx_word' id='word_1_155' title='bbox 284 2335 496 2392; x_wconf 88' lang='lat' dir='ltr'>nostri</span> <span class='ocrx_word' id='word_1_156' title='bbox 546 2328 812 2391; x_wconf 84' lang='lat' dir='ltr'>erdinis!</span> <span class='ocrx_word' id='word_1_157' title='bbox 865 2349 1013 2391; x_wconf 91' lang='lat' dir='ltr'>cum</span> <span class='ocrx_word' id='word_1_158' title='bbox 1064 2328 1220 2392; x_wconf 85' lang='lat' dir='ltr'>socii</span> <span class='ocrx_word' id='word_1_159' title='bbox 1266 2328 1494 2409; x_wconf 94' lang='lat' dir='ltr'>populi</span> <span class='ocrx_word' id='word_1_160' title='bbox 1544 2329 1827 2392; x_wconf 76' lang='lat' dir='ltr'>Remani</span> <span class='ocrx_word' id='word_1_161' title='bbox 1876 2329 2114 2392; x_wconf 74' lang='lat' dir='ltr'>iudicia</span> <span class='ocrx_word' id='word_1_162' title='bbox 2163 2329 2245 2392; x_wconf 92' lang='lat' dir='ltr'>de</span> <span class='ocrx_word' id='word_1_163' title='bbox 2292 2330 2582 2409; x_wconf 77' lang='lat' dir='ltr'>pecuniis</span> 
     </span>
     <span class='ocr_line' id='line_1_22' title="bbox 283 2428 2580 2509; baseline -0 -18"><span class='ocrx_word' id='word_1_164' title='bbox 283 2428 665 2508; x_wconf 92' lang='lat' dir='ltr'>repetundis</span> <span class='ocrx_word' id='word_1_165' title='bbox 723 2429 861 2490; x_wconf 88' lang='lat' dir='ltr'>fieri</span> <span class='ocrx_word' id='word_1_166' title='bbox 917 2428 1168 2504; x_wconf 83' lang='lat' dir='ltr'>nelunt,</span> <span class='ocrx_word' id='word_1_167' title='bbox 1231 2448 1398 2509; x_wconf 92' lang='lat' dir='ltr'>quae</span> <span class='ocrx_word' id='word_1_168' title='bbox 1459 2438 1499 2491; x_wconf 78' lang='lat' dir='ltr'>e</span> <span class='ocrx_word' id='word_1_169' title='bbox 1557 2429 1909 2492; x_wconf 84' lang='lat' dir='ltr'>maieribus</span> <span class='ocrx_word' id='word_1_170' title='bbox 1967 2435 2204 2492; x_wconf 86' lang='lat' dir='ltr'>nostris</span> <span class='ocrx_word' id='word_1_171' title='bbox 2262 2429 2580 2492; x_wconf 84' lang='lat' dir='ltr'>socierum</span> 
     </span>
     <span class='ocr_line' id='line_1_23' title="bbox 284 2529 2580 2609; baseline -0.001 -17"><span class='ocrx_word' id='word_1_172' title='bbox 284 2538 487 2592; x_wconf 67' lang='lat' dir='ltr'>cause,</span> <span class='ocrx_word' id='word_1_173' title='bbox 529 2533 908 2609; x_wconf 77' lang='lat' dir='ltr'>compareta</span> <span class='ocrx_word' id='word_1_174' title='bbox 949 2534 1122 2592; x_wconf 89' lang='lat' dir='ltr'>sunt.</span> <span class='ocrx_word' id='word_1_175' title='bbox 1213 2531 1318 2591; x_wconf 93' lang='lat' dir='ltr'>An</span> <span class='ocrx_word' id='word_1_176' title='bbox 1357 2529 1482 2592; x_wconf 89' lang='lat' dir='ltr'>iste</span> <span class='ocrx_word' id='word_1_177' title='bbox 1524 2549 1838 2608; x_wconf 88' lang='lat' dir='ltr'>umquam</span> <span class='ocrx_word' id='word_1_178' title='bbox 1884 2529 1964 2592; x_wconf 91' lang='lat' dir='ltr'>de</span> <span class='ocrx_word' id='word_1_179' title='bbox 2005 2538 2073 2592; x_wconf 88' lang='lat' dir='ltr'>se</span> <span class='ocrx_word' id='word_1_180' title='bbox 2114 2531 2356 2593; x_wconf 90' lang='lat' dir='ltr'>bonam</span> <span class='ocrx_word' id='word_1_181' title='bbox 2400 2548 2580 2609; x_wconf 90' lang='lat' dir='ltr'>spem</span> 
     </span>
     <span class='ocr_line' id='line_1_24' title="bbox 284 2628 2581 2708; baseline 0 -18"><span class='ocrx_word' id='word_1_182' title='bbox 284 2628 642 2705; x_wconf 89' lang='lat' dir='ltr'>habuisset,</span> <span class='ocrx_word' id='word_1_183' title='bbox 690 2628 814 2690; x_wconf 88' lang='lat' dir='ltr'>nisi</span> <span class='ocrx_word' id='word_1_184' title='bbox 859 2629 940 2691; x_wconf 93' lang='lat' dir='ltr'>de</span> <span class='ocrx_word' id='word_1_185' title='bbox 984 2630 1171 2691; x_wconf 84' lang='lat' dir='ltr'>vebis</span> <span class='ocrx_word' id='word_1_186' title='bbox 1217 2628 1458 2691; x_wconf 89' lang='lat' dir='ltr'>malam</span> <span class='ocrx_word' id='word_1_187' title='bbox 1504 2629 1872 2708; x_wconf 85' lang='lat' dir='ltr'>opinienem</span> <span class='ocrx_word' id='word_1_188' title='bbox 1921 2629 2138 2691; x_wconf 85' lang='lat' dir='ltr'>anime</span> <span class='ocrx_word' id='word_1_189' title='bbox 2183 2629 2581 2691; x_wconf 79' lang='lat' dir='ltr'>imbibisset?</span> 
     </span>
     <span class='ocr_line' id='line_1_25' title="bbox 286 2728 2605 2809; baseline 0 -19"><span class='ocrx_word' id='word_1_190' title='bbox 286 2729 437 2805; x_wconf 82' lang='lat' dir='ltr'>Que</span> <span class='ocrx_word' id='word_1_191' title='bbox 482 2728 723 2791; x_wconf 84' lang='lat' dir='ltr'>maiere</span> <span class='ocrx_word' id='word_1_192' title='bbox 767 2729 968 2791; x_wconf 89' lang='lat' dir='ltr'>etiam</span> <span class='ocrx_word' id='word_1_193' title='bbox 1021 2729 1102 2805; x_wconf 92' lang='lat' dir='ltr'>(si</span> <span class='ocrx_word' id='word_1_194' title='bbox 1146 2729 1283 2791; x_wconf 91' lang='lat' dir='ltr'>fieri</span> <span class='ocrx_word' id='word_1_195' title='bbox 1326 2729 1572 2808; x_wconf 86' lang='lat' dir='ltr'>potest)</span> <span class='ocrx_word' id='word_1_196' title='bbox 1627 2729 1804 2809; x_wconf 92' lang='lat' dir='ltr'>apud</span> <span class='ocrx_word' id='word_1_197' title='bbox 1848 2739 1966 2792; x_wconf 84' lang='lat' dir='ltr'>ves</span> <span class='ocrx_word' id='word_1_198' title='bbox 2011 2729 2160 2793; x_wconf 85' lang='lat' dir='ltr'>odie</span> <span class='ocrx_word' id='word_1_199' title='bbox 2206 2748 2343 2791; x_wconf 90' lang='lat' dir='ltr'>esse</span> <span class='ocrx_word' id='word_1_200' title='bbox 2391 2729 2605 2805; x_wconf 89' lang='lat' dir='ltr'>debet,</span> 
     </span>
    </p>
   </div>
   <div class='ocr_carea' id='block_1_3' title="bbox 289 2871 1393 2991">
    <p class='ocr_par' dir='ltr' id='par_1_3' title="bbox 289 2871 1393 2991">
     <span class='ocr_line' id='line_1_26' title="bbox 355 2871 1392 2916; baseline 0 -1"><span class='ocrx_word' id='word_1_201' title='bbox 355 2873 464 2916; x_wconf 84' lang='lat'><strong>6-8.</strong></span> <span class='ocrx_word' id='word_1_202' title='bbox 498 2871 814 2916; x_wconf 73' lang='lat' dir='ltr'>triennium</span> <span class='ocrx_word' id='word_1_203' title='bbox 851 2901 866 2915; x_wconf 90' lang='lat'><strong>.</strong></span> <span class='ocrx_word' id='word_1_204' title='bbox 905 2901 919 2915; x_wconf 89' lang='lat'><em>.</em></span> <span class='ocrx_word' id='word_1_205' title='bbox 961 2901 974 2915; x_wconf 91' lang='lat'><strong>.</strong></span> <span class='ocrx_word' id='word_1_206' title='bbox 1011 2871 1237 2915; x_wconf 74' lang='lat' dir='ltr'>habere:</span> <span class='ocrx_word' id='word_1_207' title='bbox 1309 2872 1392 2915; x_wconf 84' lang='lat' dir='ltr'>‘he</span> 
     </span>
     <span class='ocr_line' id='line_1_27' title="bbox 289 2937 1393 2991; baseline 0 -10"><span class='ocrx_word' id='word_1_208' title='bbox 289 2937 392 2981; x_wconf 89' lang='lat' dir='ltr'>had</span> <span class='ocrx_word' id='word_1_209' title='bbox 427 2949 481 2981; x_wconf 85' lang='lat' dir='ltr'>so</span> <span class='ocrx_word' id='word_1_210' title='bbox 516 2938 840 2991; x_wconf 83' lang='lat' dir='ltr'>apportioned</span> <span class='ocrx_word' id='word_1_211' title='bbox 874 2938 961 2982; x_wconf 87' lang='lat' dir='ltr'>the</span> <span class='ocrx_word' id='word_1_212' title='bbox 995 2938 1132 2982; x_wconf 87' lang='lat' dir='ltr'>three</span> <span class='ocrx_word' id='word_1_213' title='bbox 1166 2950 1307 2990; x_wconf 76' lang='lat' dir='ltr'>years</span> <span class='ocrx_word' id='word_1_214' title='bbox 1340 2939 1393 2981; x_wconf 85' lang='lat' dir='ltr'>of</span> 
     </span>
    </p>
   </div>
   <div class='ocr_carea' id='block_1_4' title="bbox 1483 2871 2577 2989">
    <p class='ocr_par' dir='ltr' id='par_1_4' title="bbox 1483 2871 2577 2989">
     <span class='ocr_line' id='line_1_28' title="bbox 1546 2871 2577 2923; baseline 0.001 -9"><span class='ocrx_word' id='word_1_215' title='bbox 1546 2873 1713 2917; x_wconf 81' lang='lat'>15-17.</span> <span class='ocrx_word' id='word_1_216' title='bbox 1746 2871 1961 2923; x_wconf 68' lang='lat' dir='ltr'>legatos</span> <span class='ocrx_word' id='word_1_217' title='bbox 2025 2902 2039 2915; x_wconf 91' lang='lat'><strong>.</strong></span> <span class='ocrx_word' id='word_1_218' title='bbox 2103 2903 2117 2916; x_wconf 87' lang='lat'><strong>.</strong></span> <span class='ocrx_word' id='word_1_219' title='bbox 2181 2902 2196 2916; x_wconf 89' lang='lat'><strong>.</strong></span> <span class='ocrx_word' id='word_1_220' title='bbox 2257 2872 2577 2916; x_wconf 77' lang='lat' dir='ltr'>mitterent:</span> 
     </span>
     <span class='ocr_line' id='line_1_29' title="bbox 1483 2938 2577 2989; baseline 0.001 -8"><span class='ocrx_word' id='word_1_221' title='bbox 1483 2938 1623 2982; x_wconf 85' lang='lat' dir='ltr'>‘send</span> <span class='ocrx_word' id='word_1_222' title='bbox 1661 2939 2003 2982; x_wconf 82' lang='lat' dir='ltr'>ambassadors</span> <span class='ocrx_word' id='word_1_223' title='bbox 2049 2941 2122 2989; x_wconf 86' lang='lat' dir='ltr'>(to</span> <span class='ocrx_word' id='word_1_224' title='bbox 2146 2939 2292 2989; x_wconf 79' lang='lat' dir='ltr'>ask).&#39;</span> <span class='ocrx_word' id='word_1_225' title='bbox 2365 2938 2577 2982; x_wconf 77' lang='lat' dir='ltr'>tollere-</span> 
     </span>
    </p>
   </div>
   <div class='ocr_carea' id='block_1_5' title="bbox 289 3005 1393 3723">
    <p class='ocr_par' dir='ltr' id='par_1_5' title="bbox 289 3005 1392 3324">
     <span class='ocr_line' id='line_1_30' title="bbox 289 3005 1391 3058; baseline 0.002 -11"><span class='ocrx_word' id='word_1_226' title='bbox 289 3005 368 3047; x_wconf 87' lang='lat' dir='ltr'>his</span> <span class='ocrx_word' id='word_1_227' title='bbox 407 3006 748 3058; x_wconf 84' lang='lat' dir='ltr'>praetorship,&#39;</span> <span class='ocrx_word' id='word_1_228' title='bbox 788 3010 882 3050; x_wconf 88' lang='lat' dir='ltr'>etc.</span> <span class='ocrx_word' id='word_1_229' title='bbox 957 3006 1052 3049; x_wconf 88' lang='lat' dir='ltr'>For</span> <span class='ocrx_word' id='word_1_230' title='bbox 1089 3006 1391 3049; x_wconf 77' lang='lat' dir='ltr'>distributum</span> 
     </span>
     <span class='ocr_line' id='line_1_31' title="bbox 290 3072 1392 3125; baseline 0 -11"><span class='ocrx_word' id='word_1_231' title='bbox 290 3072 460 3115; x_wconf 78' lang='lat' dir='ltr'>habere</span> <span class='ocrx_word' id='word_1_232' title='bbox 488 3083 568 3115; x_wconf 87' lang='lat' dir='ltr'>see</span> <span class='ocrx_word' id='word_1_233' title='bbox 596 3083 661 3115; x_wconf 91' lang='lat' dir='ltr'>on</span> <span class='ocrx_word' id='word_1_234' title='bbox 693 3072 790 3116; x_wconf 89' lang='lat'>111.</span> <span class='ocrx_word' id='word_1_235' title='bbox 822 3075 872 3117; x_wconf 79' lang='grc'>7.</span> <span class='ocrx_word' id='word_1_236' title='bbox 907 3076 979 3118; x_wconf 88' lang='lat'>12.</span> <span class='ocrx_word' id='word_1_237' title='bbox 1042 3073 1158 3124; x_wconf 63' lang='lat'>231:</span> <span class='ocrx_word' id='word_1_238' title='bbox 1215 3073 1392 3125; x_wconf 86' lang='lat' dir='ltr'>imper-</span> 
     </span>
     <span class='ocr_line' id='line_1_32' title="bbox 290 3138 1392 3191; baseline 0.001 -10"><span class='ocrx_word' id='word_1_239' title='bbox 290 3138 455 3187; x_wconf 82' lang='lat' dir='ltr'>sonal;</span> <span class='ocrx_word' id='word_1_240' title='bbox 482 3142 546 3182; x_wconf 87' lang='lat' dir='ltr'>tr.</span> <span class='ocrx_word' id='word_1_241' title='bbox 573 3138 740 3190; x_wconf 83' lang='lat' dir='ltr'>freely,</span> <span class='ocrx_word' id='word_1_242' title='bbox 772 3140 831 3183; x_wconf 83' lang='lat' dir='ltr'>‘it</span> <span class='ocrx_word' id='word_1_243' title='bbox 860 3139 1023 3183; x_wconf 90' lang='lat' dir='ltr'>would</span> <span class='ocrx_word' id='word_1_244' title='bbox 1051 3151 1111 3191; x_wconf 92' lang='lat' dir='ltr'>go</span> <span class='ocrx_word' id='word_1_245' title='bbox 1138 3150 1259 3191; x_wconf 86' lang='lat' dir='ltr'>very</span> <span class='ocrx_word' id='word_1_246' title='bbox 1284 3139 1392 3182; x_wconf 88' lang='lat' dir='ltr'>well</span> 
     </span>
     <span class='ocr_line' id='line_1_33' title="bbox 291 3204 1391 3258; baseline 0.002 -11"><span class='ocrx_word' id='word_1_247' title='bbox 291 3205 415 3248; x_wconf 86' lang='lat' dir='ltr'>with</span> <span class='ocrx_word' id='word_1_248' title='bbox 449 3204 586 3255; x_wconf 84' lang='lat' dir='ltr'>him,&#39;</span> <span class='ocrx_word' id='word_1_249' title='bbox 624 3205 708 3249; x_wconf 82' lang='lat' dir='ltr'>‘he</span> <span class='ocrx_word' id='word_1_250' title='bbox 740 3206 902 3249; x_wconf 86' lang='lat' dir='ltr'>would</span> <span class='ocrx_word' id='word_1_251' title='bbox 937 3208 1039 3249; x_wconf 84' lang='lat' dir='ltr'>fare</span> <span class='ocrx_word' id='word_1_252' title='bbox 1073 3206 1256 3258; x_wconf 67' lang='lat' dir='ltr'>finely!</span> <span class='ocrx_word' id='word_1_253' title='bbox 1320 3206 1391 3250; x_wconf 71' lang='lat'>81:</span> 
     </span>
     <span class='ocr_line' id='line_1_34' title="bbox 290 3272 1328 3324; baseline 0.002 -10"><span class='ocrx_word' id='word_1_254' title='bbox 290 3272 576 3315; x_wconf 81' lang='lat' dir='ltr'>introduces</span> <span class='ocrx_word' id='word_1_255' title='bbox 608 3272 693 3316; x_wconf 90' lang='lat' dir='ltr'>the</span> <span class='ocrx_word' id='word_1_256' title='bbox 723 3273 861 3316; x_wconf 89' lang='lat' dir='ltr'>three</span> <span class='ocrx_word' id='word_1_257' title='bbox 891 3273 1141 3324; x_wconf 76' lang='lat' dir='ltr'>following</span> <span class='ocrx_word' id='word_1_258' title='bbox 1168 3273 1328 3317; x_wconf 79' lang='lat' dir='ltr'>verbs,</span> 
     </span>
    </p>

    <p class='ocr_par' dir='ltr' id='par_1_6' title="bbox 290 3338 1393 3723">
     <span class='ocr_line' id='line_1_35' title="bbox 358 3338 1388 3392; baseline -0.001 -10"><span class='ocrx_word' id='word_1_259' title='bbox 358 3341 402 3383; x_wconf 89' lang='lat'>9.</span> <span class='ocrx_word' id='word_1_260' title='bbox 438 3338 708 3383; x_wconf 69' lang='lat' dir='ltr'>alterum:</span> <span class='ocrx_word' id='word_1_261' title='bbox 759 3340 879 3383; x_wconf 89' lang='lat' dir='ltr'>with</span> <span class='ocrx_word' id='word_1_262' title='bbox 904 3341 1147 3392; x_wconf 76' lang='lat' dir='ltr'>quaestum</span> <span class='ocrx_word' id='word_1_263' title='bbox 1170 3340 1222 3383; x_wconf 91' lang='lat' dir='ltr'>in</span> <span class='ocrx_word' id='word_1_264' title='bbox 1249 3341 1388 3389; x_wconf 84' lang='lat' dir='ltr'>form,</span> 
     </span>
     <span class='ocr_line' id='line_1_36' title="bbox 291 3405 1392 3457; baseline 0.001 -9"><span class='ocrx_word' id='word_1_265' title='bbox 291 3406 385 3449; x_wconf 91' lang='lat' dir='ltr'>but</span> <span class='ocrx_word' id='word_1_266' title='bbox 410 3406 496 3449; x_wconf 89' lang='lat' dir='ltr'>the</span> <span class='ocrx_word' id='word_1_267' title='bbox 517 3405 617 3448; x_wconf 77' lang='lat' dir='ltr'>real</span> <span class='ocrx_word' id='word_1_268' title='bbox 638 3405 850 3457; x_wconf 87' lang='lat' dir='ltr'>thought</span> <span class='ocrx_word' id='word_1_269' title='bbox 873 3407 914 3449; x_wconf 84' lang='lat' dir='ltr'>is</span> <span class='ocrx_word' id='word_1_270' title='bbox 936 3408 1178 3457; x_wconf 74' lang='lat' dir='ltr'>quaestum</span> <span class='ocrx_word' id='word_1_271' title='bbox 1199 3407 1392 3449; x_wconf 71' lang='lat' dir='ltr'>alteriue</span> 
     </span>
     <span class='ocr_line' id='line_1_37' title="bbox 292 3471 1391 3521; baseline 0.002 -7"><span class='ocrx_word' id='word_1_272' title='bbox 292 3471 437 3521; x_wconf 78' lang='lat' dir='ltr'>anni3</span> <span class='ocrx_word' id='word_1_273' title='bbox 462 3484 517 3515; x_wconf 90' lang='lat' dir='ltr'>so</span> <span class='ocrx_word' id='word_1_274' title='bbox 541 3473 593 3515; x_wconf 82' lang='lat' dir='ltr'>in</span> <span class='ocrx_word' id='word_1_275' title='bbox 618 3473 703 3516; x_wconf 87' lang='lat' dir='ltr'>the</span> <span class='ocrx_word' id='word_1_276' title='bbox 728 3477 846 3516; x_wconf 86' lang='lat' dir='ltr'>next</span> <span class='ocrx_word' id='word_1_277' title='bbox 872 3473 1036 3516; x_wconf 81' lang='lat' dir='ltr'>clause</span> <span class='ocrx_word' id='word_1_278' title='bbox 1059 3485 1131 3516; x_wconf 91' lang='lat' dir='ltr'>we</span> <span class='ocrx_word' id='word_1_279' title='bbox 1156 3473 1283 3516; x_wconf 86' lang='lat' dir='ltr'>have</span> <span class='ocrx_word' id='word_1_280' title='bbox 1306 3475 1391 3516; x_wconf 82' lang='lat' dir='ltr'>ter-</span> 
     </span>
     <span class='ocr_line' id='line_1_38' title="bbox 290 3538 1393 3591; baseline -0.001 -9"><span class='ocrx_word' id='word_1_281' title='bbox 290 3539 416 3582; x_wconf 81' lang='lat' dir='ltr'>tium</span> <span class='ocrx_word' id='word_1_282' title='bbox 454 3549 654 3583; x_wconf 82' lang='lat' dir='ltr'>annum.</span> <span class='ocrx_word' id='word_1_283' title='bbox 727 3540 1003 3591; x_wconf 68' lang='lat' dir='ltr'>patronis:</span> <span class='ocrx_word' id='word_1_284' title='bbox 1080 3538 1301 3591; x_wconf 83' lang='lat' dir='ltr'>lawyers,</span> <span class='ocrx_word' id='word_1_285' title='bbox 1341 3540 1393 3582; x_wconf 83' lang='lat' dir='ltr'>of</span> 
     </span>
     <span class='ocr_line' id='line_1_39' title="bbox 293 3606 1392 3650; baseline 0.003 -3"><span class='ocrx_word' id='word_1_286' title='bbox 293 3606 457 3648; x_wconf 88' lang='lat' dir='ltr'>whom</span> <span class='ocrx_word' id='word_1_287' title='bbox 477 3606 771 3649; x_wconf 76' lang='lat' dir='ltr'>Hortensms</span> <span class='ocrx_word' id='word_1_288' title='bbox 785 3617 885 3648; x_wconf 88' lang='lat' dir='ltr'>was</span> <span class='ocrx_word' id='word_1_289' title='bbox 901 3607 1042 3650; x_wconf 75' lang='lat' dir='ltr'>chief.</span> <span class='ocrx_word' id='word_1_290' title='bbox 1089 3606 1392 3650; x_wconf 67' lang='lat' dir='ltr'>iudicibus:</span> 
     </span>
     <span class='ocr_line' id='line_1_40' title="bbox 296 3672 1000 3723; baseline 0.001 -9"><span class='ocrx_word' id='word_1_291' title='bbox 296 3672 396 3715; x_wconf 85' lang='lat' dir='ltr'>‘for</span> <span class='ocrx_word' id='word_1_292' title='bbox 430 3672 666 3723; x_wconf 78' lang='lat' dir='ltr'>(bribing)</span> <span class='ocrx_word' id='word_1_293' title='bbox 696 3672 782 3715; x_wconf 85' lang='lat' dir='ltr'>the</span> <span class='ocrx_word' id='word_1_294' title='bbox 807 3672 1000 3723; x_wconf 66' lang='lat' dir='ltr'>jurors!</span> 
     </span>
    </p>
   </div>
   <div class='ocr_carea' id='block_1_6' title="bbox 296 3804 1396 3924">
    <p class='ocr_par' dir='ltr' id='par_1_7' title="bbox 296 3804 1396 3924">
     <span class='ocr_line' id='line_1_41' title="bbox 362 3804 1396 3856; baseline 0.001 -8"><span class='ocrx_word' id='word_1_295' title='bbox 362 3804 458 3848; x_wconf 81' lang='lat' dir='ltr'>The</span> <span class='ocrx_word' id='word_1_296' title='bbox 496 3805 783 3856; x_wconf 63' lang='lat' dir='ltr'>provinc-iau</span> <span class='ocrx_word' id='word_1_297' title='bbox 819 3806 916 3850; x_wconf 80' lang='lat' dir='ltr'>will</span> <span class='ocrx_word' id='word_1_298' title='bbox 950 3806 1068 3850; x_wconf 79' lang='lat' dir='ltr'>wish</span> <span class='ocrx_word' id='word_1_299' title='bbox 1103 3818 1170 3850; x_wconf 86' lang='lat' dir='ltr'>we</span> <span class='ocrx_word' id='word_1_300' title='bbox 1204 3806 1300 3850; x_wconf 81' lang='lat' dir='ltr'>had</span> <span class='ocrx_word' id='word_1_301' title='bbox 1333 3817 1396 3849; x_wconf 83' lang='lat' dir='ltr'>no</span> 
     </span>
     <span class='ocr_line' id='line_1_42' title="bbox 296 3872 1256 3924; baseline 0.002 -8"><span class='ocrx_word' id='word_1_302' title='bbox 296 3872 989 3924; x_wconf 73' lang='lat' dir='ltr'>murtstortherntoappeazto,</span> <span class='ocrx_word' id='word_1_303' title='bbox 1011 3874 1144 3924; x_wconf 67' lang='lat'>5541,</span> <span class='ocrx_word' id='word_1_304' title='bbox 1180 3875 1256 3918; x_wconf 85' lang='lat'>42.</span> 
     </span>
    </p>
   </div>
   <div class='ocr_carea' id='block_1_7' title="bbox 1480 3006 2578 3926">
    <p class='ocr_par' dir='ltr' id='par_1_8' title="bbox 1480 3006 2578 3191">
     <span class='ocr_line' id='line_1_43' title="bbox 1480 3006 2578 3057; baseline -0.001 -9"><span class='ocrx_word' id='word_1_305' title='bbox 1480 3006 1598 3050; x_wconf 80' lang='lat' dir='ltr'>tur:</span> <span class='ocrx_word' id='word_1_306' title='bbox 1651 3017 1856 3057; x_wconf 79' lang='lat' dir='ltr'>zeugma</span> <span class='ocrx_word' id='word_1_307' title='bbox 1907 3007 1988 3056; x_wconf 83' lang='lat' dir='ltr'>(cf.</span> <span class='ocrx_word' id='word_1_308' title='bbox 2018 3006 2085 3050; x_wconf 90' lang='lat'>11.</span> <span class='ocrx_word' id='word_1_309' title='bbox 2114 3007 2165 3050; x_wconf 67' lang='lat'>2.</span> <span class='ocrx_word' id='word_1_310' title='bbox 2194 3006 2444 3056; x_wconf 85' lang='lat' dir='ltr'>9)—‘that</span> <span class='ocrx_word' id='word_1_311' title='bbox 2491 3006 2578 3047; x_wconf 87' lang='lat' dir='ltr'>the</span> 
     </span>
     <span class='ocr_line' id='line_1_44' title="bbox 1480 3071 2577 3125; baseline 0 -11"><span class='ocrx_word' id='word_1_312' title='bbox 1480 3072 1574 3115; x_wconf 84' lang='lat' dir='ltr'>law</span> <span class='ocrx_word' id='word_1_313' title='bbox 1618 3071 1681 3116; x_wconf 85' lang='lat' dir='ltr'>be</span> <span class='ocrx_word' id='word_1_314' title='bbox 1723 3072 1945 3125; x_wconf 80' lang='lat' dir='ltr'>repealed</span> <span class='ocrx_word' id='word_1_315' title='bbox 1990 3072 2089 3116; x_wconf 83' lang='lat' dir='ltr'>and</span> <span class='ocrx_word' id='word_1_316' title='bbox 2134 3072 2220 3115; x_wconf 85' lang='lat' dir='ltr'>the</span> <span class='ocrx_word' id='word_1_317' title='bbox 2262 3075 2403 3115; x_wconf 88' lang='lat' dir='ltr'>court</span> <span class='ocrx_word' id='word_1_318' title='bbox 2448 3071 2577 3114; x_wconf 88' lang='lat' dir='ltr'>done</span> 
     </span>
     <span class='ocr_line' id='line_1_45' title="bbox 1480 3139 1796 3191; baseline 0.003 -10"><span class='ocrx_word' id='word_1_319' title='bbox 1480 3150 1622 3191; x_wconf 83' lang='lat' dir='ltr'>away</span> <span class='ocrx_word' id='word_1_320' title='bbox 1643 3139 1796 3183; x_wconf 67' lang='lat' dir='ltr'>with!</span> 
     </span>
    </p>

    <p class='ocr_par' dir='ltr' id='par_1_9' title="bbox 1481 3206 2576 3322">
     <span class='ocr_line' id='line_1_46' title="bbox 1546 3206 2576 3259; baseline 0 -11"><span class='ocrx_word' id='word_1_321' title='bbox 1546 3209 1618 3250; x_wconf 89' lang='lat'>18.</span> <span class='ocrx_word' id='word_1_322' title='bbox 1654 3206 1910 3251; x_wconf 66' lang='lat' dir='ltr'>tantum:</span> <span class='ocrx_word' id='word_1_323' title='bbox 1956 3206 2095 3259; x_wconf 85' lang='lat' dir='ltr'>‘only</span> <span class='ocrx_word' id='word_1_324' title='bbox 2116 3218 2170 3249; x_wconf 92' lang='lat' dir='ltr'>so</span> <span class='ocrx_word' id='word_1_325' title='bbox 2192 3207 2362 3248; x_wconf 89' lang='lat' dir='ltr'>much&#39;</span> <span class='ocrx_word' id='word_1_326' title='bbox 2392 3207 2489 3255; x_wconf 88' lang='lat' dir='ltr'>(see</span> <span class='ocrx_word' id='word_1_327' title='bbox 2510 3216 2576 3248; x_wconf 92' lang='lat' dir='ltr'>on</span> 
     </span>
     <span class='ocr_line' id='line_1_47' title="bbox 1481 3272 1826 3322; baseline 0 -7"><span class='ocrx_word' id='word_1_328' title='bbox 1481 3272 1577 3316; x_wconf 90' lang='lat'>111.</span> <span class='ocrx_word' id='word_1_329' title='bbox 1613 3273 1692 3316; x_wconf 84' lang='lat'>10.</span> <span class='ocrx_word' id='word_1_330' title='bbox 1726 3273 1826 3322; x_wconf 84' lang='lat'><strong>34).</strong></span> 
     </span>
    </p>

    <p class='ocr_par' dir='ltr' id='par_1_10' title="bbox 1480 3340 2577 3858">
     <span class='ocr_line' id='line_1_48' title="bbox 1543 3340 1911 3383; baseline 0.003 -1"><span class='ocrx_word' id='word_1_331' title='bbox 1543 3342 1619 3383; x_wconf 91' lang='grc'>20.</span> <span class='ocrx_word' id='word_1_332' title='bbox 1653 3340 1911 3383; x_wconf 66' lang='lat' dir='ltr'>tantum:</span> 
     </span>
     <span class='ocr_line' id='line_1_49' title="bbox 1543 3407 1939 3450; baseline 0.003 -1"><span class='ocrx_word' id='word_1_333' title='bbox 1543 3409 1618 3449; x_wconf 88' lang='grc'>23.</span> <span class='ocrx_word' id='word_1_334' title='bbox 1652 3407 1939 3450; x_wconf 66' lang='lat' dir='ltr'>victoriae:</span> 
     </span>
     <span class='ocr_line' id='line_1_50' title="bbox 1480 3472 1583 3517; baseline 0 -1"><span class='ocrx_word' id='word_1_335' title='bbox 1480 3472 1583 3517; x_wconf 86' lang='lat' dir='ltr'>tal.’</span> 
     </span>
     <span class='ocr_line' id='line_1_51' title="bbox 1544 3539 2575 3592; baseline -0.001 -9"><span class='ocrx_word' id='word_1_336' title='bbox 1544 3542 1619 3583; x_wconf 85' lang='lat'>25.</span> <span class='ocrx_word' id='word_1_337' title='bbox 1653 3540 1831 3583; x_wconf 73' lang='lat' dir='ltr'>nostrl</span> <span class='ocrx_word' id='word_1_338' title='bbox 1860 3540 2091 3584; x_wconf 68' lang='lat' dir='ltr'>ordinis:</span> <span class='ocrx_word' id='word_1_339' title='bbox 2142 3540 2210 3592; x_wconf 90' lang='lat' dir='ltr'>by</span> <span class='ocrx_word' id='word_1_340' title='bbox 2235 3540 2398 3583; x_wconf 84' lang='lat' dir='ltr'>virtue</span> <span class='ocrx_word' id='word_1_341' title='bbox 2422 3539 2475 3582; x_wconf 82' lang='lat' dir='ltr'>ot</span> <span class='ocrx_word' id='word_1_342' title='bbox 2499 3539 2575 3582; x_wconf 82' lang='lat' dir='ltr'>his</span> 
     </span>
     <span class='ocr_line' id='line_1_52' title="bbox 1482 3606 2577 3658; baseline 0.002 -10"><span class='ocrx_word' id='word_1_343' title='bbox 1482 3606 1647 3658; x_wconf 88' lang='lat' dir='ltr'>public</span> <span class='ocrx_word' id='word_1_344' title='bbox 1685 3607 1823 3649; x_wconf 86' lang='lat' dir='ltr'>office</span> <span class='ocrx_word' id='word_1_345' title='bbox 1865 3607 2028 3649; x_wconf 86' lang='lat' dir='ltr'>Cicero</span> <span class='ocrx_word' id='word_1_346' title='bbox 2068 3606 2212 3650; x_wconf 89' lang='lat' dir='ltr'>could</span> <span class='ocrx_word' id='word_1_347' title='bbox 2254 3607 2395 3650; x_wconf 84' lang='lat' dir='ltr'>claim</span> <span class='ocrx_word' id='word_1_348' title='bbox 2437 3618 2577 3650; x_wconf 83' lang='lat' dir='ltr'>sena-</span> 
     </span>
     <span class='ocr_line' id='line_1_53' title="bbox 1482 3673 2571 3726; baseline 0.001 -11"><span class='ocrx_word' id='word_1_349' title='bbox 1482 3673 1625 3715; x_wconf 82' lang='lat' dir='ltr'>torial</span> <span class='ocrx_word' id='word_1_350' title='bbox 1645 3673 1770 3716; x_wconf 83' lang='lat' dir='ltr'>rank</span> <span class='ocrx_word' id='word_1_351' title='bbox 1795 3674 1892 3721; x_wconf 86' lang='lat' dir='ltr'>(see</span> <span class='ocrx_word' id='word_1_352' title='bbox 1912 3673 2254 3717; x_wconf 89' lang='lat' dir='ltr'>Introduction</span> <span class='ocrx_word' id='word_1_353' title='bbox 2274 3686 2322 3726; x_wconf 88' lang='lat' dir='ltr'>p.</span> <span class='ocrx_word' id='word_1_354' title='bbox 2345 3675 2417 3724; x_wconf 88' lang='lat'>50,</span> <span class='ocrx_word' id='word_1_355' title='bbox 2445 3674 2571 3725; x_wconf 64' lang='lat'>514).</span> 
     </span>
     <span class='ocr_line' id='line_1_54' title="bbox 1483 3739 2576 3791; baseline 0.001 -8"><span class='ocrx_word' id='word_1_356' title='bbox 1483 3739 1672 3790; x_wconf 87' lang='lat' dir='ltr'>though</span> <span class='ocrx_word' id='word_1_357' title='bbox 1715 3739 1784 3791; x_wconf 91' lang='lat' dir='ltr'>by</span> <span class='ocrx_word' id='word_1_358' title='bbox 1827 3739 1961 3783; x_wconf 88' lang='lat' dir='ltr'>birth</span> <span class='ocrx_word' id='word_1_359' title='bbox 2004 3740 2066 3783; x_wconf 90' lang='lat' dir='ltr'>he</span> <span class='ocrx_word' id='word_1_360' title='bbox 2110 3740 2346 3791; x_wconf 87' lang='lat' dir='ltr'>belonged</span> <span class='ocrx_word' id='word_1_361' title='bbox 2391 3744 2444 3783; x_wconf 89' lang='lat' dir='ltr'>to</span> <span class='ocrx_word' id='word_1_362' title='bbox 2489 3740 2576 3784; x_wconf 77' lang='lat' dir='ltr'>the</span> 
     </span>
     <span class='ocr_line' id='line_1_55' title="bbox 1483 3806 2047 3858; baseline 0.005 -10"><span class='ocrx_word' id='word_1_363' title='bbox 1483 3806 1654 3858; x_wconf 76' lang='lat' dir='ltr'>equites</span> <span class='ocrx_word' id='word_1_364' title='bbox 1685 3807 1784 3855; x_wconf 87' lang='lat' dir='ltr'>(see</span> <span class='ocrx_word' id='word_1_365' title='bbox 1809 3818 1874 3850; x_wconf 91' lang='lat' dir='ltr'>on</span> <span class='ocrx_word' id='word_1_366' title='bbox 1904 3809 1951 3850; x_wconf 70' lang='grc' dir='ltr'>Β.</span> <span class='ocrx_word' id='word_1_367' title='bbox 1979 3807 2047 3856; x_wconf 87' lang='grc'>5).</span> 
     </span>
    </p>

    <p class='ocr_par' dir='ltr' id='par_1_11' title="bbox 1546 3872 2131 3926">
     <span class='ocr_line' id='line_1_56' title="bbox 1546 3872 2131 3926; baseline 0.003 -10"><span class='ocrx_word' id='word_1_368' title='bbox 1546 3876 1620 3918; x_wconf 87' lang='grc'>29.</span> <span class='ocrx_word' id='word_1_369' title='bbox 1655 3882 1791 3926; x_wconf 78' lang='lat' dir='ltr'>quo:</span> <span class='ocrx_word' id='word_1_370' title='bbox 1837 3872 2131 3918; x_wconf 61' lang='lat' dir='ltr'>‘therefore’</span> 
     </span>
    </p>
   </div>
   <div class='ocr_carea' id='block_1_8' title="bbox 1967 3339 2578 3455">
    <p class='ocr_par' dir='ltr' id='par_1_12' title="bbox 1967 3339 2578 3455">
     <span class='ocr_line' id='line_1_57' title="bbox 1967 3339 2248 3383; baseline 0.004 -2"><span class='ocrx_word' id='word_1_371' title='bbox 1967 3339 2041 3381; x_wconf 83' lang='lat' dir='ltr'>‘as</span> <span class='ocrx_word' id='word_1_372' title='bbox 2067 3339 2248 3383; x_wconf 83' lang='lat' dir='ltr'>much.&#39;</span> 
     </span>
     <span class='ocr_line' id='line_1_58' title="bbox 2027 3407 2578 3455; baseline 0 -6"><span class='ocrx_word' id='word_1_373' title='bbox 2027 3407 2078 3449; x_wconf 91' lang='lat' dir='ltr'>in</span> <span class='ocrx_word' id='word_1_374' title='bbox 2156 3407 2375 3449; x_wconf 81' lang='lat' dir='ltr'>court—⁸</span> <span class='ocrx_word' id='word_1_375' title='bbox 2386 3407 2578 3455; x_wconf 85' lang='lat' dir='ltr'>acquit-</span> 
     </span>
    </p>
   </div>
  </div>
 </body>
</html>
