2913 4338
250 280 372 343 270
920 282 1003 337 ΙΝ
1058 280 1120 337 C.
1180 281 1497 338 VERREM
1553 281 1778 336 ACTIO
1837 282 2078 335 PRIMA

349 455 697 520 aestimata
739 455 827 517 sit
868 463 947 517 eo
988 463 1268 530 nomme,
1316 454 1495 535 quod
1536 454 1642 517 ille
1685 455 1769 517 ob
1812 474 1951 517 rem
1993 455 2412 518 iudicandam
2452 464 2658 537 pecii-

252 576 316 618 20
346 556 526 619 niam
581 554 959 635 accepisset3
1008 554 1188 633 quod
1241 553 1312 615 in
1362 555 1428 617 C.
1489 552 1837 627 Herennio,
1893 554 2071 633 quod
2123 552 2195 615 in
2244 555 2314 617 C.
2371 555 2651 635 Popilio,
2676 556 2768 616 39

347 654 775 730 senatoribuS,
829 661 945 734 qui
994 654 1191 717 ambo
1237 653 1579 736 peculatus
1629 653 1930 716 damnati
1976 658 2160 731 sunt;
2212 653 2393 733 quod
2440 653 2513 714 in
2566 653 2656 714 M.

349 754 568 831 Atilio,
605 762 720 834 qui
752 754 834 817 de
867 753 1212 816 maiestate
1245 754 1599 816 damnatus
1632 758 1751 829 est,
1789 752 1911 816 hoc
1943 752 2217 835 planum
2251 753 2505 816 factum
2544 754 2657 828 sit,

346 865 456 918 eos
491 837 836 936 pecuniam
873 855 958 916 ob
996 873 1132 916 rem
1167 852 1586 916 indicandam
1623 853 1946 934 accepisse
1954 872 1972 930 3
2009 852 2187 933 quod
2224 852 2481 916 inventi
2520 853 2662 916 sint

346 959 696 1029 senatores,
745 962 878 1033 qui,
917 953 984 1016 C.
1015 954 1212 1016 Verre
1254 958 1557 1034 praetore
1601 954 1855 1015 urbano
1898 953 2231 1028 sortiente,
2280 958 2541 1016 exirent
2590 953 2663 1013 in·

250 1074 313 1117 25
346 1074 494 1117 eum
524 1073 727 1129 reum,
758 1073 954 1134 quem
982 1052 1315 1132 incognita
1340 1062 1540 1115 causa
1566 1053 2078 1117 condemnarent
2086 1073 2104 1130 ;
2133 1052 2313 1132 quod
2340 1053 2660 1116 inventus

345 1154 433 1217 sit
470 1158 750 1228 senator,
792 1161 924 1233 qui,
967 1172 1116 1216 cum
1154 1152 1353 1215 iudex
1389 1157 1579 1229 esset,
1619 1151 1689 1214 in
1742 1152 1971 1215 eodem
2026 1151 2267 1216 iudicio
2304 1157 2374 1215 et
2413 1154 2495 1215 ab
2540 1163 2658 1215 reo

344 1253 688 1336 pecuniam
721 1252 1040 1334 acciperet
1070 1272 1271 1333 quam
1303 1252 1625 1315 indicibus
1656 1252 1995 1328 divideret,
2029 1256 2099 1315 et
2131 1253 2214 1316 ab
2249 1258 2659 1328 accusatore,

345 1359 424 1415 ut
454 1372 637 1414 reum
668 1352 1148 1415 condemnaret.
1239 1352 1384 1414 Iam
1417 1361 1573 1415 vero
1605 1352 1935 1432 quomodo
1982 1351 2162 1414 illam
2193 1352 2432 1427 labem,
2467 1352 2660 1431 igno-
2683 1355 2772 1415 40

347 1452 636 1527 miniam,
661 1451 1235 1532 calamitatemque
1272 1457 1480 1514 totius
1518 1451 1760 1515 ordinis
1798 1455 2194 1532 conquerar?
2231 1451 2354 1515 hoc
2396 1451 2661 1514 factum

250 1571 314 1615 30
345 1572 484 1614 esse
511 1551 581 1612 in
610 1550 730 1614 hac
761 1550 1049 1627 civitate,
1082 1572 1232 1615 cum
1261 1551 1626 1615 senatorius
1656 1552 1815 1615 ordo
1843 1552 2178 1627 indicaret,
2212 1556 2289 1613 ut
2320 1552 2663 1616 discolori-

345 1653 469 1713 bus
512 1659 709 1729 signis
751 1650 1112 1713 iuratorum
1159 1650 1498 1714 hominum
1543 1651 1907 1714 sententiae
1950 1654 2378 1714 notarentur?
2463 1652 2659 1715 Haec

345 1749 567 1814 omnia
596 1759 700 1813 me
729 1749 1069 1830 diligenter
1097 1760 1446 1831 severeque
1477 1756 1778 1813 actfirum
1807 1770 1964 1827 esse,
1994 1750 2318 1833 polliceor.

428 1850 528 1914 14.
575 1849 720 1926 Quo
772 1860 877 1913 me
929 1850 1198 1913 tandem
1268 1850 1488 1913 animo
1557 1849 1694 1914 fore
1743 1850 2017 1932 putatis,
2073 1859 2128 1913 si
2181 1849 2342 1931 quid
2396 1850 2464 1912 in
2515 1851 2654 1915 hoc

344 1950 486 2032 ipso
545 1949 784 2013 iudicio
842 1949 1219 2013 intellexero
1277 1950 1472 2013 simili
1531 1950 1752 2031 aliqua
1809 1951 2063 2013 ratione
2120 1970 2259 2013 esse
2319 1950 2657 2013 violatum

346 2055 544 2130 atque
596 2050 1050 2113 commissum?
1101 2071 1251 2114 cum
1301 2051 1573 2132 planum
1625 2050 1836 2114 facere
1888 2050 2113 2114 multis
2163 2051 2444 2114 testibus
2492 2071 2660 2131 pos-

343 2150 484 2226 sim,
523 2150 590 2214 G.
628 2151 894 2214 Verrem
947 2149 1018 2213 in
1070 2150 1303 2227 Sicilia,
1361 2151 1586 2214 multis
1640 2149 2076 2227 audientibuS‚
2132 2171 2326 2232 saepe
2380 2150 2653 2228 dixisse,

281 2270 312 2312 5
345 2252 443 2314 ‘se
517 2249 753 2313 habere
826 2251 1156 2313 hominem
1227 2257 1589 2333 potentem,
1666 2249 1849 2314 cuius
1922 2250 2165 2314 fiducia
2234 2251 2656 2332 provinciam

413 2412 485 2453 19.
522 2419 587 2453 eo
619 2410 849 2453 nomine
881 2411 1055 2463 quod:
1119 2412 1204 2454 ‘on
1236 2417 1444 2455 account

345 2478 397 2520 of
429 2476 516 2520 the
549 2477 652 2520 fact
688 2477 835 2521 that.'
901 2478 961 2520 In
993 2478 1230 2529 counting
1260 2490 1329 2531 up
1362 2479 1446 2522 the

346 2549 551 2588 amount
585 2543 817 2587 involved
849 2545 902 2587 in
935 2544 1021 2588 the
1053 2547 1362 2598 prosecution
1395 2546 1447 2587 of

1533 2422 1640 2463 urn,
1683 2410 1783 2454 and
1825 2410 1895 2463 by
1934 2422 1999 2454 an
2039 2421 2158 2464 easy
2197 2410 2350 2461 figure
2390 2410 2509 2462 they
2557 2423 2653 2456 are

1532 2478 1639 2522 said
1684 2478 1981 2521 themselves
2025 2482 2079 2521 to
2128 2479 2286 2521 ‘come
2332 2478 2454 2522 out!
2534 2479 2652 2523 The

1533 2545 1680 2589 mood
1749 2555 2001 2598 expresses
2067 2545 2446 2590 characteristic.
2551 2546 2651 2591 in:

347 2611 612 2663 Septimius
652 2611 752 2661 (72)
786 2612 843 2654 de
873 2613 1146 2662 repetundis
1184 2612 1270 2656 the
1309 2612 1446 2655 bribe

345 2677 406 2721 he
435 2678 533 2721 had
563 2677 798 2729 accepted
824 2689 880 2721 as
903 2678 1042 2729 juror
1065 2680 1118 2722 in
1145 2679 1230 2722 the
1256 2679 1368 2722 trial
1395 2680 1447 2721 of

348 2744 647 2797 Oppianicus
682 2745 734 2788 in
773 2747 833 2789 74
877 2747 974 2795 (see
1010 2757 1075 2789 on
1111 2747 1445 2797 turpissimum

347 2842 361 2855 .
390 2843 403 2855 .
432 2843 445 2855 .
471 2812 676 2863 facinus,
707 2812 786 2855 10.
816 2813 896 2862 18)
922 2824 1023 2855 was
1046 2813 1293 2858 included.

410 2880 577 2922 20—22.
613 2879 786 2931 quod:
862 2891 927 2923 sc.
967 2882 1200 2931 coenoscet
1237 2880 1446 2932 populus

346 2945 592 2988 Romanus
629 2946 745 2997 quid
775 2946 856 2995 εἰη
887 2948 1010 2998 quod
1038 2947 1319 3006 introduces
1347 2948 1446 2999 fac-

345 3013 445 3055 tum
464 3013 538 3063 sit,
560 3013 591 3056 l.
615 3015 688 3056 22.
742 3013 810 3057 do
830 3014 1150 3058 maiestate:
1190 3014 1443 3063 ‘treasom’

346 3089 399 3120 as
426 3080 464 3121 if
490 3081 545 3122 de
570 3080 810 3123 maiestate
836 3080 978 3130 laesa,
997 3080 1083 3124 the
1107 3081 1313 3124 modern
1335 3080 1443 3123 ‘lese

347 3145 595 3198 majesty.'
810 3138 821 3141 “

410 3215 485 3255 24.
521 3213 683 3258 Verre
709 3244 724 3259 .
752 3245 767 3259 .
795 3244 810 3259 .
833 3215 1126 3259 sortiente:
1171 3216 1239 3258 As
1262 3215 1445 3266 praetor

346 3279 557 3321 urbanus
599 3281 668 3329 (in
705 3282 786 3332 74)
825 3281 996 3325 Verres
1029 3281 1192 3325 would
1226 3282 1444 3334 superin-

345 3345 465 3387 tend
501 3347 586 3389 the
621 3347 842 3399 drawing
873 3349 926 3391 ot
957 3349 1117 3400 jurors
1151 3349 1227 3391 for
1260 3348 1380 3391 such
1414 3359 1443 3390 a

345 3422 456 3455 case
480 3423 534 3455 as
558 3413 668 3457 that
694 3415 746 3456 of
770 3414 1069 3466 Oppianicus
1097 3417 1195 3465 (see
1218 3426 1283 3458 on
1304 3415 1338 3460 l.
1366 3417 1445 3464 193

348 3478 427 3522 10.
468 3480 565 3529 18),
603 3481 762 3523 which
798 3481 1049 3525 doubtless
1083 3481 1124 3524 is
1159 3482 1354 3525 alluded
1391 3485 1444 3524 to

345 3544 472 3596 here,
500 3546 598 3588 and
621 3547 661 3590 it
685 3549 728 3590 is
749 3548 1011 3591 intimated
1036 3548 1148 3592 that
1173 3548 1234 3592 he
1256 3548 1354 3591 had
1380 3559 1444 3591 an

345 3612 737 3665 understanding
784 3614 1083 3658 beforehand
1133 3615 1256 3659 with
1305 3615 1445 3658 those

345 3678 515 3722 drawn
550 3691 604 3723 as
632 3684 690 3723 to
721 3681 830 3724 how
864 3682 984 3733 they
1014 3682 1176 3725 would
1209 3685 1340 3732 vote,
1374 3693 1447 3725 re-

346 3746 561 3797 gardless
579 3747 632 3789 ot
648 3748 734 3791 the
751 3748 983 3791 evidence
1006 3749 1265 3800 (incoquita
1281 3760 1446 3796 causa:

346 3813 410 3856 cf.
434 3813 615 3856 indicta
637 3826 796 3865 causa.
825 3817 872 3859 δ.
895 3816 965 3865 8).
1021 3816 1258 3860 exirent:
1303 3815 1447 3859 Their

348 3891 518 3924 names
542 3881 701 3924 ‘came
720 3884 809 3924 out
821 3882 833 3902 '
861 3882 1004 3932 (were
1023 3880 1192 3925 drawn
1211 3882 1361 3933 from)
1382 3893 1448 3925 an

1532 2614 1744 2666 against.

1596 2682 1766 2725 26-32.
1812 2680 2060 2724 senator:
2117 2690 2253 2723 some
2291 2679 2430 2730 juror
2470 2680 2522 2722 in
2550 2679 2650 2724 the

1533 2757 1667 2790 same
1689 2747 1945 2790 consilium
1968 2746 2235 2789 Iunianum
2267 2747 2367 2797 (10.
2395 2746 2494 2796 18).
2529 2746 2650 2790 hoo

1531 2813 1754 2857 tactum
1791 2822 1930 2857 ense:
1989 2824 2056 2857 sc.
2094 2812 2580 2864 conquerar—‘snm
2618 2813 2646 2856 1

1532 2880 1781 2932 complain
1808 2879 1920 2922 that
1944 2879 2039 2923 this
2062 2879 2345 2923 occurredi'
2383 2878 2510 2923 hoo:
2552 2890 2650 2922 ex-

1532 2946 1729 2999 plained
1773 2947 1842 3000 by
1883 2946 2160 2999 appositive
2202 2946 2367 2990 clause
2407 2947 2461 2989 ut
2502 2977 2516 2991 .
2565 2979 2580 2991 .
2632 2979 2649 2992 .

1532 3014 1823 3058 notarentur.
1878 3012 2261 3057 discoloribus:
2306 3024 2385 3056 see
2406 3024 2472 3055 on
2494 3013 2644 3063 color.

1533 3083 1579 3124 o.
1612 3082 1685 3127 21.
1748 3079 2086 3123 sentcntiae:
2164 3079 2399 3123 'ballota'
2478 3081 2647 3124 actu-

1530 3156 1685 3192 rum:
1741 3147 1808 3191 cf.
1837 3147 2048 3199 aoentur,
2077 3145 2112 3191 1.
2144 3148 2188 3192 7.

1594 3276 1685 3329 14.
1721 3282 1763 3325 1.
1792 3288 1906 3333 quo
1942 3309 1957 3324 .
1997 3310 2012 3325 .
2051 3310 2066 3325 .
2099 3280 2317 3324 animo:
2388 3279 2449 3324 cr.
2487 3279 2555 3324 M.
2579 3280 2642 3325 1..

1533 3350 1581 3392 o.
1612 3350 1697 3393 22.
1750 3348 1796 3390 si
1825 3347 1964 3399 quid
1996 3377 2011 3392 .
2044 3377 2059 3392 .
2091 3374 2109 3392 .
2137 3346 2350 3399 aliqua:
2411 3347 2470 3389 ‘if
2499 3346 2522 3389 1
2553 3358 2642 3391 see

1533 3414 1643 3457 that
1675 3425 1801 3457 some
1830 3418 2034 3464 outrage
2064 3411 2155 3457 has
2184 3413 2308 3457 been
2339 3414 2640 3457 committed

1531 3482 1582 3524 in
1611 3492 1738 3524 some
1763 3481 1885 3524 such
1913 3491 2119 3524 manner
2146 3481 2199 3523 in
2227 3480 2328 3524 this
2358 3481 2509 3524 case.'
2571 3480 2640 3524 In

1533 3548 1625 3600 Ep.
1659 3550 1689 3593 9
1722 3549 1765 3591 is
1798 3558 1829 3590 a
1861 3547 1962 3605 still
2015 3551 2205 3598 greater
2240 3546 2546 3589 cumulatiori
2582 3547 2642 3590 ot

1532 3614 1933 3658 indefinites—‘it
1957 3615 2155 3658 fortune
2179 3612 2268 3657 has
2294 3614 2446 3657 saved
2471 3624 2551 3657 me
2578 3617 2640 3657 to

1533 3693 1658 3724 some
1693 3680 1821 3734 hope
1858 3681 1911 3725 or
1946 3682 2183 3724 sometime
2218 3680 2472 3732 regaining
2506 3690 2642 3725 some

1534 3748 1835 3799 advantage’
1867 3748 1935 3797 (ll.
1962 3751 2005 3798 6.
2035 3748 2101 3798 7).

1596 3818 1640 3859 5.
1677 3814 1968 3858 hominem
1998 3815 2313 3866 potentem:
2372 3815 2459 3857 ‘an
2486 3813 2639 3860 influ-

1534 3882 1684 3925 ential
1711 3881 1861 3932 man‚'
1889 3882 2122 3933 referring
2147 3886 2200 3925 to
2230 3882 2540 3926 Hortensius.
