2913 4338
324 305 445 369 406
1191 309 1496 363 BELLUM
1539 309 1947 363 CATILINAE

418 487 536 556 uti,
575 501 723 543 cum
758 481 1036 544 Catilina
1069 481 1136 542 in
1171 502 1395 560 agrum
1432 481 1865 545 Faesulanum
1901 503 2049 545 cum
2083 483 2372 546 exercitu
2408 483 2676 558 venisset,

419 581 490 641 L.
525 580 747 642 Bestia
776 581 1077 642 tribanus
1105 581 1311 660 plebis
1341 583 1643 644 centiene
1673 582 1902 645 habita
1929 588 2305 661 quereretur
2335 581 2416 644 de
2445 582 2680 644 actieni-

356 700 385 741 5
417 681 540 743 bus
598 680 918 742 Cicerenis
976 680 1254 760 bellique
1312 683 1698 760 gravissumi
1756 681 2071 774 invidiam
2131 689 2407 761 optume
2467 682 2681 745 censuli

418 781 782 860 inpeneret:
826 790 903 842 ee
945 790 1127 859 signe
1167 792 1491 861 proxuma
1531 788 1724 845 nocte
1767 788 1980 846 cetera
2021 781 2378 845 multitude
2421 783 2679 845 coniflra-

416 880 612 944 tienis
670 900 859 941 suum
920 881 1193 960 quisque
1251 883 1585 960 negetium
1645 888 2089 962 exequeretur.
2179 883 2307 945 Sed
2365 902 2444 944 ea
2500 883 2678 944 divisa

414 981 535 1043 hec
589 981 784 1043 mode
835 980 1238 1056 dicebantur,
1293 981 1590 1044 Statilius
1639 989 1707 1044 et
1758 983 2073 1045 Gabinius
2123 989 2422 1045 uticum
2474 992 2678 1061 magna

416 1091 616 1144 mansi
660 1080 1000 1143 duodecim
1045 1081 1236 1142 simul
1279 1089 1651 1161 opportiina
1693 1082 1835 1145 loca
1875 1083 2055 1145 urbis
2096 1082 2529 1156 incenderent,
2571 1091 2677 1160 que

323 1199 383 1242 10
415 1180 707 1244 tumultsi
739 1180 997 1244 facilior
1018 1180 1235 1243 aditus
1267 1182 1350 1243 ad
1383 1182 1711 1244 censulem
1744 1189 2137 1263 ceteresque,
2172 1183 2411 1263 quibus
2440 1183 2676 1243 insidiae

413 1282 836 1361 parabantur,
862 1281 1069 1357 fieret;
1112 1282 1432 1360 Cethegus
1455 1282 1775 1344 Cicerenis
1796 1283 2061 1345 ianuam
2084 1283 2409 1346 obsideret
2429 1301 2675 1361 eumque

417 1390 481 1442 vi
510 1380 980 1459 aggrederetur,
1012 1380 1174 1443 alius
1203 1388 1424 1443 autem
1454 1382 1673 1457 alium,
1704 1382 1817 1444 sed
1843 1383 1962 1444 filii
1988 1382 2401 1459 familiarum,
2431 1392 2675 1463 querum

411 1500 493 1541 ex
535 1480 878 1542 nebilitate
922 1501 1233 1543 maxuma
1275 1502 1426 1560 pars
1469 1489 1630 1558 erat,
1677 1490 1966 1562 parentis
2009 1484 2447 1545 interficerent
2456 1504 2472 1560 ;
2513 1480 2675 1544 simul

412 1579 608 1642 caede
645 1586 711 1642 et
748 1580 1044 1642 incendie
1080 1581 1387 1660 perculsis
1424 1583 1726 1645 omnibus
1764 1582 1849 1645 ad
1885 1583 2231 1645 Catilinam
2270 1588 2669 1663 erumperent.

319 1700 378 1742 15
413 1681 594 1741 Inter
637 1680 794 1742 haec
836 1687 1071 1760 parata
1114 1687 1312 1760 atque
1355 1682 1617 1745 decreta
1659 1683 1979 1761 Cethegus
2020 1703 2273 1763 semper
2314 1685 2673 1763 querebatur

414 1779 493 1843 de
521 1780 782 1858 ignavia
809 1781 1155 1843 socierum:
1200 1781 1341 1842 illes
1370 1781 1736 1845 dubitande
1753 1789 1830 1845 ⁴et
1859 1782 1994 1845 dies
2020 1783 2412 1863 prelatande
2440 1791 2673 1862 magnas

410 1880 937 1959 opportunitates
971 1901 1409 1960 conrumpere,
1446 1882 1642 1957 facte,
1677 1892 1812 1943 nen
1843 1884 2139 1945 censulte
2171 1884 2240 1944 in
2271 1883 2390 1946 tali
2420 1882 2670 1963 pericule

411 2000 575 2059 opus
622 2000 777 2055 esse,
829 1991 1043 2060 seque,
1095 1990 1149 2042 si
1194 1991 1387 2060 pauci
1435 1982 1842 2059 adiuvarent,
1892 1982 2352 2061 languentibus
2401 1984 2534 2046 aliis
2577 1984 2671 2043 im-

408 2085 635 2160 petum
691 2080 759 2140 in
814 2080 1057 2143 curiam
1113 2081 1460 2143 factarum.
1553 2084 1807 2145 Natiira
1860 2083 2042 2145 ferex
2099 2085 2446 2147 vehemens
2500 2090 2666 2145 mansi

312 2202 376 2243 20
407 2187 750 2261 premptus
798 2187 958 2255 erat,
1011 2202 1392 2243 maxumum
1441 2185 1687 2246 bonum
1737 2184 1805 2244 in
1853 2184 2180 2247 celeritate
2228 2188 2523 2264 putabat.

487 2280 589 2343 44.
638 2280 762 2342 Sed
823 2280 1195 2360 Allobroges
1253 2302 1335 2343 ex
1391 2290 1740 2362 praecepte
1798 2284 2119 2346 Cicerenis
2175 2305 2291 2364 per
2350 2286 2662 2347 Gabinium

408 2385 653 2443 ceteres
695 2381 1108 2442 conveniunt.
1201 2383 1300 2444 Ab
1344 2382 1621 2444 Lentule
1661 2384 1943 2462 Cethege
1984 2384 2243 2446 Statilie
2284 2385 2440 2447 item
2480 2382 2664 2446 Cassie

978 2571 1200 2579 ——-—-—..

471 2690 515 2730 3.
550 2688 818 2732 venisset:
917 2690 1112 2732 ‘should
1161 2690 1288 2732 have
1336 2696 1506 2737 come.’
1668 2693 1740 2734 12.
1776 2690 1917 2735 alius
1955 2692 2156 2736 alium:
2231 2695 2345 2737 ‘one
2381 2694 2542 2737 attack
2573 2702 2661 2737 one,

406 2755 742 2806 representing
764 2755 928 2798 future
952 2757 1134 2807 perfect
1160 2757 1211 2798 of
1234 2756 1385 2799 direct
1411 2757 1507 2798 dis-
1602 2758 1808 2800 another
1825 2759 2064 2802 another!
2113 2759 2483 2804 familiarum:
2500 2757 2662 2807 usually

405 2832 590 2864 course.
1601 2824 1814 2874 singular
1849 2825 2104 2875 (familias)
2135 2826 2254 2868 with
2285 2828 2451 2877 patres,
2484 2831 2566 2869 etc.
2598 2825 2661 2871 (A.

471 2891 514 2930 4.
550 2888 758 2931 Bestia:
798 2889 1080 2932 mentioned
1103 2890 1154 2931 in
1178 2891 1256 2933 17.
1280 2891 1323 2933 9.
1378 2898 1506 2932 eon·
1602 2893 1674 2939 43.
1720 2890 1773 2939 b:
1818 2890 1875 2933 B.
1920 2894 1994 2942 21,
2041 2894 2083 2940 2.
2128 2903 2179 2940 a:
2223 2892 2288 2935 H.
2336 2895 2408 2942 79,
2453 2896 2498 2940 2;
2539 2887 2662 2933 Η.-Β.

405 2955 584 2997 tione:
624 2954 783 2996 which
801 2956 1057 3006 meaning?
1090 2956 1178 2999 See
1198 2967 1261 2998 on
1279 2956 1365 2999 IV.
1384 2959 1432 3000 8.
1458 2959 1502 2999 2.
1599 2959 1673 3008 66,
1704 2960 1750 3006 1,
1773 2958 1835 3001 cf.
1863 2958 1949 3001 IV.
1978 2961 2026 3002 8.
2055 2960 2151 3008 18).

470 3024 514 3064 5.
551 3022 787 3071 optumo
809 3022 1048 3066 consuli:
1094 3023 1297 3074 Though
1322 3023 1502 3066 Sallust
1664 3026 1738 3066 14.
1772 3024 1844 3067 ad
1868 3024 2192 3069 catilinam:
2234 3025 2311 3069 He
2333 3038 2431 3069 was
2451 3030 2502 3069 to
2521 3022 2661 3066 march

405 3087 492 3130 did
534 3092 620 3130 not
665 3087 849 3139 always
890 3100 1033 3139 agree
1073 3090 1193 3132 with
1238 3090 1400 3133 Cicero
1443 3090 1505 3133 he
1599 3091 1787 3133 toward
1816 3092 1986 3134 Rome.

405 3154 538 3204 gives
562 3153 665 3195 him
693 3154 788 3197 due
813 3155 983 3198 credit.
1042 3157 1136 3199 For
1160 3157 1366 3200 Cicero's
1391 3156 1504 3199 feel·
1664 3160 1736 3201 15.
1775 3157 2073 3209 cethegus:
2163 3169 2218 3201 so
2266 3160 2429 3202 Cicero
2478 3157 2580 3207 (111.
2619 3155 2660 3196 4.

401 3220 489 3270 ing
515 3219 659 3263 when
691 3221 875 3265 Brutus
905 3221 1022 3265 used
1052 3222 1137 3266 the
1165 3233 1298 3265 same
1328 3223 1504 3275 phrase
1599 3225 1774 3274 21-24)
1797 3230 2071 3276 represents
2095 3226 2337 3276 Cethegus
2359 3238 2412 3269 as
2433 3235 2560 3275 eager
2578 3219 2659 3264 and

404 3297 484 3329 see
508 3286 599 3337 Ep.
626 3288 705 3329 1⁷.
734 3289 806 3331 16.
1597 3292 1877 3343 impatient.

469 3355 514 3395 6.
549 3361 614 3395 eo
640 3353 825 3404 signo:
883 3355 957 3398 ‘at
986 3355 1097 3399 that
1127 3356 1316 3407 signal!
1665 3361 1736 3402 17.
1771 3358 1938 3410 tacto.
1970 3357 2253 3403 consulto:
2305 3360 2425 3403 with
2450 3368 2560 3409 opus
2581 3362 2660 3396 esse

471 3422 514 3463 7.
549 3419 809 3470 quisque:
872 3421 924 3464 in
957 3424 1192 3475 partitive
1224 3425 1504 3475 apposition
1605 3426 1682 3473 (A.
1718 3427 1821 3475 497.
1861 3436 1911 3472 a:
1947 3426 2004 3468 B.
2042 3427 2146 3476 218,
2185 3429 2228 3475 2,
2266 3437 2314 3469 c.
2351 3427 2413 3469 H.
2449 3427 2542 3472 477.
2576 3418 2653 3466 ΙΙΙ.

405 3490 461 3529 to
489 3486 751 3529 multituda.
815 3496 902 3531 ea:
958 3500 1023 3532 sc.
1053 3490 1252 3541 περσεία.
1599 3492 1731 3534 third
1760 3493 2004 3544 example:
2035 3492 2080 3534 H
2102 3493 2182 3535 -B.
2213 3496 2318 3541 430.
2351 3494 2417 3543 2).

469 3555 514 3595 8.
549 3552 637 3596 uti
669 3581 683 3595 .
714 3582 728 3596 .
760 3583 773 3596 .
798 3555 1162 3600 incenderent
1191 3586 1204 3599 .
1236 3587 1249 3599 .
1281 3586 1294 3599 .
1322 3566 1505 3600 erum·
1665 3560 1737 3602 18.
1770 3558 2175 3611 languentibus
2210 3558 2358 3603 anis:
2421 3558 2510 3601 abl.
2540 3554 2656 3597 abso-

406 3620 625 3671 parent:
698 3620 974 3672 depending
1009 3633 1072 3664 on
1109 3624 1306 3674 περσεία,
1346 3628 1504 3666 trans-
1599 3624 1702 3668 lute
1728 3626 2018 3669 concessive.

406 3686 607 3736 mitting
636 3687 722 3729 the
751 3687 860 3729 idea
890 3689 941 3729 of
969 3688 1213 3739 resolving
1241 3690 1368 3731 from
1396 3702 1504 3732 con-
1664 3693 1736 3735 19.
1772 3693 2012 3736 curiamt
2094 3693 2180 3736 the
2221 3697 2389 3737 senate
2428 3689 2558 3736 itself.
2595 3693 2657 3725 50-

404 3752 666 3800 nitum-ant,
697 3752 728 3795 l.
759 3756 803 3795 2.
1597 3758 1751 3801 called
1788 3758 1901 3801 here
1938 3760 2063 3801 from
2100 3760 2166 3802 its
2201 3759 2386 3810 having
2419 3761 2509 3800 met
2543 3759 2656 3800 regu·

471 3819 514 3860 9.
550 3826 684 3868 quo:
756 3830 920 3869 agrees
956 3820 1075 3862 with
1111 3820 1335 3870 tumultu:
1385 3823 1500 3865 read
1595 3824 1721 3876 Iarly
1770 3825 1822 3867 in
1883 3826 1968 3868 the
2031 3827 2167 3869 curia
2230 3826 2435 3869 Hostilia
2498 3820 2573 3871 (H-
2616 3815 2656 3857 ²·

406 3895 462 3927 as
487 3885 525 3926 if
552 3885 602 3925 ut
627 3895 691 3932 eo,
721 3887 1000 3936 expressing
1025 3897 1250 3938 purpose.
1599 3892 1694 3940 10).
