2913 4338
306 270 424 333 160
913 272 996 328 ΙΝ
1049 271 1468 327 CATILINAM
1527 272 1813 329 ORATIO
1871 274 2175 341 QUARTA

404 452 488 514 ab
531 448 630 512 dis
669 446 1124 531 inmortalibus
1163 458 1295 513 nen
1335 469 1474 513 esse
1516 448 1813 530 supplicii
1858 457 2055 513 causa
2103 448 2560 527 constitutam,
2608 450 2725 515 sed

405 556 525 614 aut
555 549 1005 613 necessitatem
1041 555 1316 613 natiuae
1350 555 1469 613 aut
1501 549 1798 613 laberum
1835 570 1910 612 ac
1958 549 2367 615 miseriarum
2430 551 2725 631 quietem

405 669 563 713 esse.
651 650 886 730 Itaque
909 669 1056 712 eam
1079 649 1406 730 sapientes
1429 669 1792 730 numquam
1818 649 2034 726 inviti,
2066 650 2268 714 fortes
2298 669 2490 731 saepe
2521 651 2729 714 etiam

409 749 708 813 lubenter
745 755 1225 830 oppetiverunt.
1314 748 1594 812 Vincula
1635 759 1809 825 vere,
1852 755 1922 812 et
1961 768 2040 811 ea
2084 749 2503 830 sempiterna,
2555 758 2733 816 certe

322 870 376 912 ιε
413 849 498 912 ad
550 848 937 928 singularem
988 867 1268 929 poenam
1322 848 1551 911 nefarii
1606 849 1858 913 sceleris
1914 849 2188 912 inventa
2248 856 2421 913 sunt.
2517 850 2731 913 Muni-

413 949 593 1030 cipiis
644 948 968 1029 dispertiri
1018 948 1218 1011 iubet.
1310 947 1569 1011 Habere
1624 948 1885 1012 videtur
1944 948 2070 1011 ista
2126 958 2226 1012 res
2284 949 2725 1029 iniquitatem,

406 1058 461 1112 si
502 1049 816 1129 imperare
848 1048 1024 1126 veIIS‚
1065 1046 1538 1124 difficultatem,
1587 1056 1642 1110 si
1685 1057 1929 1127 rogare.
2028 1049 2434 1112 Decernatur
2477 1055 2725 1127 tamen,

406 1157 461 1211 si
495 1147 729 1229 placet.
819 1149 957 1226 Ego
993 1147 1167 1210 enim
1205 1147 1554 1228 suscipiam
1595 1153 1682 1224 et,
1726 1153 1804 1211 ut
1844 1157 2052 1228 spere,
2099 1148 2434 1228 reperiam,
2477 1158 2593 1230 qui
2631 1150 2718 1227 id,
2738 1155 2776 1215 8

407 1247 586 1329 quod
629 1248 858 1311 salutis
900 1248 1192 1311 omnium
1239 1257 1436 1310 causa
1483 1247 1866 1325 statueritis,
1921 1257 2054 1311 nen
2101 1254 2297 1328 putet
2311 1255 2340 1310 t
2385 1268 2522 1311 esse
2565 1269 2725 1313 suae

312 1370 376 1413 20
409 1348 747 1429 dignitatis
795 1356 1106 1411 recusare.
1196 1347 1517 1426 Adiungit
1568 1367 1834 1427 gravem
1889 1366 2168 1427 poenam
2227 1346 2615 1427 municipiis,
2667 1359 2725 1412 si

405 1449 552 1530 quis
591 1458 816 1512 eerum
858 1448 1119 1511 vincula
1162 1447 1435 1528 ruperit;
1483 1447 1819 1512 horribiles
1869 1446 2199 1511 custedias
2248 1446 2610 1511 circumdat
2651 1456 2723 1513 et

403 1550 633 1629 dignas
679 1547 911 1612 scelere
959 1547 1297 1612 hominum
1366 1547 1800 1628 perditorum3
1875 1546 2104 1622 sancit,
2158 1557 2240 1611 ne
2300 1548 2445 1627 quis
2493 1557 2719 1610 eerum

404 1670 703 1734 poenam,
737 1661 902 1728 ques
933 1647 1344 1723 condemnat,
1396 1653 1514 1710 aut
1560 1667 1676 1727 per
1723 1652 2026 1710 senatum
2069 1651 2185 1709 aut
2231 1667 2348 1728 per
2397 1648 2716 1728 populum

403 1749 618 1813 levare
646 1748 878 1829 possit;
921 1747 1113 1828 eripit
1153 1747 1355 1809 etiam
1384 1766 1588 1826 spem,
1628 1766 1797 1827 quae
1833 1745 1970 1809 sela
2008 1746 2302 1810 homines
2340 1746 2408 1807 in
2447 1746 2721 1810 miseriis

305 1871 370 1912 25
403 1848 718 1912 censelari
770 1847 952 1912 solet.
1043 1848 1228 1911 Bona
1280 1853 1617 1927 praeterea
1651 1845 1972 1926 publicari
2016 1847 2219 1921 iubet,
2258 1852 2466 1909 vitam
2509 1846 2716 1910 selam

404 1948 710 2029 relinquit
758 1948 1017 2011 nefariis
1066 1946 1470 2023 hominibus;
1520 1966 1718 2026 quam
1768 1955 1823 2008 si
1871 1945 2228 2026 eripuisset,
2284 1946 2526 2009 multes
2581 1955 2717 2010 ima

404 2049 660 2112 doleres
691 2048 892 2109 animi
923 2054 1123 2127 atque
1156 2046 1438 2126 corporis
1469 2052 1539 2108 et
1569 2055 1779 2110 omnis
1810 2045 2122 2108 scelerum
2155 2056 2398 2125 poenas
2432 2045 2713 2109 ademis-

404 2154 523 2212 set.
613 2148 848 2228 Itaque
895 2153 972 2210 ut
1019 2147 1238 2227 aliqua
1284 2145 1351 2207 in
1399 2152 1541 2209 vita
1586 2146 1866 2210 formide
1913 2145 2202 2226 inprobis
2249 2152 2418 2209 esset
2464 2147 2705 2227 posita,

407 2248 585 2329 apud
628 2249 867 2311 inferes
910 2248 1047 2310 eius
1093 2246 1272 2310 modi
1315 2246 1640 2327 quaedam
1686 2246 1778 2308 illi
1824 2252 2079 2326 antiqui
2125 2246 2441 2326 supplicia
2487 2245 2708 2326 impiis

477 2477 643 2520 14-16.
679 2476 737 2519 et
769 2484 857 2519 ea:
923 2474 995 2532 cf.¹
1023 2473 1118 2517 111.
1139 2475 1189 2518 9.
1216 2476 1260 2518 5.
1328 2473 1515 2518 Mum-

409 2542 566 2592 cinus
597 2573 610 2585 .
640 2572 653 2585 .
684 2572 698 2586 .
721 2540 906 2586 lubet:
975 2541 1193 2584 Caesar's
1218 2541 1516 2591 concluding

406 2609 578 2658 words.
619 2608 879 2659 according
914 2612 968 2652 to
1007 2607 1203 2658 Sallust,
1243 2618 1386 2650 were:
1468 2607 1513 2650 ¹1

408 2680 527 2720 vote
567 2675 678 2719 that
722 2675 848 2718 their
888 2686 1069 2726 money
1111 2674 1172 2718 be
1213 2673 1512 2716 confiscated

407 2742 508 2785 and
543 2742 669 2786 their
703 2752 902 2795 persons
936 2741 999 2784 be
1033 2740 1146 2784 held
1179 2739 1233 2783 in
1266 2739 1425 2783 bonds
1460 2740 1512 2782 in

409 2808 495 2853 the
521 2801 763 2859 strong'est
791 2809 843 2851 of
870 2808 955 2851 the
981 2806 1274 2859 municipia;
1303 2807 1416 2849 that
1444 2817 1511 2849 no

1667 2475 1741 2518 18.
1779 2474 2078 2526 reperiam:
2149 2483 2214 2516 sc.
2264 2483 2355 2516 eos.
2430 2472 2529 2523 qul
2572 2502 2587 2516 .
2630 2503 2644 2518 .
2684 2503 2701 2518 .

1601 2540 1830 2591 putent:
1878 2539 2011 2583 what
2037 2538 2157 2582 k1nd
2183 2539 2236 2582 os
2260 2538 2450 2583 clause?

1668 2608 1737 2657 19,
1768 2609 1844 2650 20.
1879 2606 2219 2650 statuentis:
2244 2605 2394 2649 mood
2414 2606 2513 2648 and
2534 2609 2707 2650 tense?

1603 2673 1760 2726 Why?
1833 2673 1980 2716 What
2021 2673 2073 2715 of
2112 2672 2307 2723 ruperit.
2349 2671 2382 2715 1.
2426 2674 2514 2715 21?
2588 2673 2708 2725 (sss-

1599 2740 1822 2783 nltatls:
1899 2741 1975 2782 tor
2013 2750 2124 2782 case
2162 2739 2225 2783 cf.
2265 2738 2487 2789 consulis,
2530 2739 2581 2783 8.
2625 2742 2705 2787 15:

1597 2807 1865 2850 references
1897 2817 1963 2849 on
1997 2806 2094 2849 111.
2132 2806 2210 2849 12.
2246 2808 2290 2849 4.
2360 2804 2508 2849 What
2541 2805 2585 2848 is
2618 2806 2704 2849 the

408 2886 525 2919 man
548 2875 790 2919 hereafter
812 2875 957 2918 make
979 2885 1080 2925 any
1102 2874 1293 2917 motion
1315 2872 1510 2924 regard-

406 2942 492 2993 ing
521 2942 656 2986 them
687 2942 738 2984 in
770 2941 854 2985 the
884 2944 1054 2985 senate
1084 2950 1174 2983 nor
1205 2940 1392 2983 discuss
1422 2939 1510 2983 the

407 3012 592 3053 matter
622 3010 674 3051 in
709 3008 793 3052 the
826 3008 1033 3061 popular
1065 3006 1345 3059 assembly.'
1415 3006 1509 3049 For

408 3076 677 3127 municipia
713 3086 791 3118 see
826 3085 891 3117 on
927 3075 995 3118 11.
1035 3074 1115 3117 11.
1150 3074 1198 3117 8.
1267 3071 1507 3117 Habere:

411 3141 666 3190 ‘involve;’
711 3142 761 3184 in
808 3141 906 3184 this
950 3151 1089 3184 sense
1133 3140 1271 3183 often
1315 3149 1508 3183 accom-

409 3208 586 3262 panied
614 3208 682 3260 by
709 3208 764 3251 in
790 3218 853 3252 se.

477 3277 548 3319 17.
582 3273 742 3319 velis:
809 3275 884 3317 for
918 3273 1066 3318 mood
1100 3285 1180 3318 see
1215 3276 1273 3317 A.
1310 3275 1417 3323 518,
1455 3285 1508 3323 a:

410 3341 468 3386 B.
511 3343 617 3393 302,
664 3344 712 3390 2:
757 3341 821 3385 H.
866 3344 971 3391 578,
1018 3344 1067 3391 2:
1112 3340 1260 3384 H.-B.
1305 3342 1412 3390 504,
1460 3342 1506 3383 2.

413 3407 584 3452 Notice
611 3408 722 3452 that
751 3408 940 3452 neither
968 3409 1143 3452 Caesar
1170 3418 1260 3450 nor
1287 3407 1374 3450 the
1400 3418 1510 3450 sen-

409 3478 491 3518 ate
535 3475 575 3518 1s
619 3475 895 3520 addressed.
974 3475 1342 3519 Decernatur:
1432 3474 1510 3516 for

409 3540 556 3584 mood
609 3542 671 3586 ct.
727 3543 959 3592 subeatur,
1018 3542 1066 3585 1.
1122 3543 1198 3585 23.
1286 3541 1509 3583 tamen:

407 3610 556 3652 refers
577 3612 631 3653 to
653 3610 969 3661 difficultatem
991 3608 1090 3652 and
1113 3613 1168 3652 to
1189 3608 1506 3659 iniquitatem,

406 3675 440 3719 Ι.
484 3677 555 3720 16;
632 3676 704 3718 ‘in
728 3676 856 3728 spite
881 3677 932 3718 ot
968 3675 1067 3717 this
1102 3675 1239 3718 fact!

474 3810 688 3853 Caesar-’s
735 3809 1029 3861 proposition
1072 3810 1219 3860 really
1264 3810 1339 3852 the
1384 3818 1510 3851 more

407 3877 547 3925 cruet,
574 3876 773 3928 958-10.

1597 2873 1789 2923 subject
1814 2872 1866 2915 of
1887 2874 2011 2916 esse?
2084 2871 2373 2923 adiunxit:
2415 2882 2482 2915 sc.
2508 2871 2698 2916 Caesar.

1660 2942 1733 2990 22,
1762 2941 1837 2983 23.
1873 2938 2079 2982 sancit:
2130 2938 2381 2986 ‘ordains.’
2406 2937 2562 2981 under
2585 2950 2700 2991 pen-

1595 3005 1753 3051 alties.
1814 3014 2035 3050 eorum:
2089 3008 2176 3048 not
2205 3005 2459 3057 partitive:
2512 3004 2624 3048 how
2649 3006 2699 3048 in

1595 3071 1626 3117 l.
1658 3075 1748 3116 21?
1808 3080 1905 3125 per
1932 3072 2216 3122 senatum,
2248 3076 2362 3115 etc.:
2419 3071 2514 3119 Le„
2545 3071 2700 3115 either

1594 3139 1662 3192 by
1687 3150 1752 3182 an
1777 3139 2034 3182 executive
2060 3137 2228 3181 decree
2259 3138 2357 3186 (see
2381 3148 2446 3180 on
2471 3138 2512 3180 Ι.
2540 3138 2592 3182 1.
2617 3138 2699 3188 26)

1594 3216 1649 3249 or
1698 3206 1767 3258 by
1817 3217 1848 3249 a
1899 3205 2073 3248 formal
2124 3204 2217 3247 law
2269 3203 2445 3256 passed
2495 3204 2565 3256 by
2616 3204 2700 3247 the

1594 3273 1784 3316 comitia
1817 3272 1915 3321 (see
1944 3271 2207 3321 quotation
2232 3282 2297 3314 on
2322 3270 2355 3315 1.
2387 3271 2484 3320 16).

1657 3342 1718 3383 26
1768 3338 1981 3382 multos
2022 3367 2040 3381 .
2173 3368 2188 3381 .
2223 3337 2550 3382 ademisset:
2622 3348 2699 3381 see

1594 3418 1659 3450 on
1686 3407 1876 3450 mortem
1900 3405 1932 3449 1.
1965 3407 2040 3448 10.

1659 3474 1828 3517 28-30.
1862 3473 1926 3516 in
1954 3472 2098 3516 v1ta:
2162 3471 2247 3513 ‘on
2276 3469 2452 3514 earth)
2513 3471 2701 3522 inpro-

1596 3538 1705 3584 bis:
1769 3539 1877 3583 ‘the
1905 3538 2125 3588 wicked‚‘
2158 3540 2246 3580 not
2278 3536 2330 3579 in
2362 3535 2449 3580 the
2481 3537 2700 3589 politica}

1596 3617 1734 3650 sense
1763 3607 1815 3649 ot
1841 3605 1875 3649 l.
1907 3606 1957 3655 9;
1987 3605 2056 3649 11.
2089 3606 2169 3648 18.
2199 3606 2244 3647 6.
2333 3601 2419 3647 uu
2449 3603 2701 3655 antiqui:

1599 3673 1707 3717 ‘the
1721 3671 2031 3716 well-known
2053 3670 2279 3721 (writers)
2297 3670 2349 3713 of
2366 3668 2484 3713 old!
2535 3679 2705 3722 quao-

1598 3739 1732 3783 dam
1763 3737 2038 3790 supplicia
2073 3767 2087 3781 .
2121 3764 2136 3780 .
2176 3766 2190 3781 .
2223 3745 2364 3781 esse:
2431 3736 2569 3780 ‘that
2604 3748 2705 3780 cer·

1597 3806 1702 3849 taIn
1733 3804 2076 3858 punishments
2108 3802 2205 3847 had
2237 3803 2360 3847 been
2391 3803 2705 3856 appointed!

1597 3872 1925 3917 voluerunt:
1970 3869 2151 3913 ‘would
2173 3870 2301 3914 have
2322 3870 2397 3920 1t.¹
2424 3869 2706 3922 ‘asserted.’
