2913 4338
1118 282 1273 337 CAP.
1335 287 1383 349 1,
1440 276 1517 360 §5
1580 287 1681 340 1-2
2511 283 2636 347 305

329 456 391 521 1.
442 458 705 522 Novum
733 465 995 533 crimen,
1024 456 1092 520 C.
1124 457 1376 534 Caesar,
1404 462 1475 521 et
1501 461 1656 521 ante
1682 457 1853 521 hunc
1882 454 2053 521 diem
2080 466 2214 521 nen
2237 456 2538 522 auditum
2556 466 2589 522 1

244 555 654 638 propinquus
700 575 884 620 meus
932 555 1017 620 ad
1065 561 1152 634 te,
1203 557 1279 633 Q.
1330 557 1608 634 Tubere,
1661 556 1917 632 detulit,
1968 557 2044 634 Q.
2094 556 2420 638 Ligarium
2469 558 2540 629 in

244 646 470 719 Africa
519 656 734 733 fuisse,
786 656 984 737 idque
1044 657 1110 720 C.
1153 657 1386 733 Pansa,
1438 661 1804 738 praestanti
1853 656 1953 720 vir
2001 656 2277 738 ingenie,
2331 658 2538 722 fretus

244 758 524 822 fortasse
557 755 1000 820 familiaritate
1028 765 1123 833 ea,
1155 777 1323 837 quae
1350 761 1452 820 est
1494 765 1554 820 ei
1596 761 1835 834 tecum,
1872 777 2068 820 ausus
2094 763 2196 821 est
2224 759 2533 823 cenfiteri.

183 879 212 920 5
241 860 506 939 Itaque,
536 866 669 938 que
695 866 801 920 me
828 863 1102 934 vertam,
1130 855 1362 920 nescie.
1431 858 1710 921 Paratus
1733 856 1907 921 enim
1934 860 2260 937 veneram,
2288 881 2437 924 cum
2461 866 2539 924 tii

238 961 311 1024 id
337 979 552 1041 neque
574 978 690 1039 per
716 964 785 1021 te
809 966 1002 1020 scires
1038 977 1250 1037 neque
1277 957 1501 1020 audire
1529 956 1788 1020 aliunde
1813 958 2155 1040 potuisses,
2180 966 2260 1024 ut
2285 961 2539 1042 ignera-

239 1062 423 1126 tiene
466 1066 586 1124 tua
627 1059 712 1123 ad
753 1058 1032 1123 hominis
1072 1058 1288 1120 miseri
1327 1058 1607 1121 salutem
1649 1059 1969 1122 abuterer.
2058 1060 2186 1124 Sed
2227 1062 2538 1142 quoniam

239 1161 582 1242 diligentia
619 1160 863 1223 inimici
899 1158 1366 1239 investigatum
1403 1164 1525 1237 est,
1566 1160 1745 1240 quod
1779 1159 2052 1238 latebat,
2094 1162 2538 1226 cenfitendum

236 1268 363 1340 est,
401 1268 480 1326 ut
513 1271 761 1343 opinor,
798 1259 1178 1342 praesertim
1213 1276 1362 1322 cum
1397 1278 1581 1322 meus
1614 1259 2010 1323 necessarius
2044 1262 2258 1324 Pansa
2292 1262 2536 1339 fecerit,

151 1381 206 1422 ιο
235 1369 321 1427 ut
364 1363 434 1427 id
476 1362 803 1442 integrum
846 1360 977 1424 iam
1021 1369 1156 1423 nen
1196 1365 1386 1437 esset,
1433 1350 1801 1440 omissaque
1845 1360 2287 1424 contreversia
2329 1361 2541 1426 omnis

236 1462 456 1528 eratie
484 1463 571 1526 ad
597 1459 1102 1525 misericordiam
1124 1464 1310 1522 tuam
1355 1460 1746 1522 conferenda
1787 1465 1908 1537 est,
1938 1470 2073 1541 qua
2095 1461 2360 1542 plurimi
2384 1467 2543 1525 sunt

236 1567 633 1639 censervati,
665 1580 816 1625 cum
838 1569 880 1624 a
903 1566 972 1624 te
998 1569 1132 1623 nen
1167 1558 1617 1623 liberatienem
1646 1559 1895 1641 culpae,
1912 1561 2028 1624 sed
2054 1567 2253 1625 errati
2279 1561 2541 1624 veniam

235 1662 793 1745 impetravissent.
883 1661 1107 1724 Habes
1164 1660 1382 1739 igitur,
1442 1659 1720 1736 Tubero,
1782 1660 1962 1740 quod
2018 1667 2122 1725 est
2180 1663 2597 1725 accusateri2

234 1764 529 1827 maxime
561 1761 947 1844 optandum,
982 1760 1402 1823 confitentem
1433 1778 1637 1836 reum,
1670 1759 1785 1822 sed
1817 1765 2043 1824 tamen
2073 1760 2195 1824 hoc
2228 1761 2543 1825 cenfiten-

145 1881 202 1924 15
233 1871 399 1941 tem,
428 1873 498 1926 se
523 1863 593 1925 in
615 1871 695 1925 ea
717 1867 906 1943 parte
931 1860 1127 1923 fuisse
1151 1868 1286 1940 qua
1309 1865 1395 1935 te,
1424 1867 1560 1939 qua
1584 1859 1798 1922 virum
1824 1869 2003 1924 omni
2025 1860 2221 1924 laude
2247 1860 2537 1940 dignum,

232 1971 500 2046 patrem
559 1969 769 2025 tuum.
859 1961 1095 2040 Itaque
1150 1958 1331 2042 prius
1388 1958 1470 2022 de
1527 1965 1746 2022 vestre
1803 1959 2041 2023 delicte
2099 1961 2543 2025 cenfiteamini

233 2082 502 2126 necesse
522 2068 642 2138 est,
666 2060 1105 2142 quamLigari
1124 2058 1324 2124 ullam
1347 2058 1607 2140 culpam
1627 2059 2133 2140 reprehendatis.

322 2164 402 2241 Q.
449 2162 625 2227 enim
667 2160 979 2242 Ligarius,
1024 2179 1174 2224 cum
1213 2163 1384 2222 esset
1424 2158 1604 2223 nulla
1643 2158 1795 2223 belli
1834 2159 2133 2242 suspicie‚
2177 2160 2431 2242 legatus
2471 2162 2542 2225 in

233 2255 533 2327 Africam
563 2282 712 2325 cum
738 2263 805 2325 C.
836 2260 1140 2325 Censidie
1165 2259 1497 2341 profectus
1522 2264 1649 2336 est;
1689 2269 1823 2340 qua
1846 2260 1918 2322 in
1940 2260 2263 2341 legatiene
2288 2268 2358 2325 et
2384 2263 2541 2325 civi-

141 2382 204 2424 20
235 2365 366 2429 bus
409 2369 480 2425 et
516 2362 703 2425 sociis
739 2361 836 2424 ita
870 2370 938 2423 se
972 2358 1300 2441 probavit,
1340 2364 1418 2422 ut
1461 2357 1777 2423 decedens
1813 2359 2153 2423 Censidius
2200 2363 2541 2442 previncia

233 2464 403 2527 satis
430 2462 642 2524 facere
656 2460 1028 2524 hominibus
1042 2468 1175 2522 nen
1199 2463 1439 2539 posset,
1455 2466 1511 2518 si
1524 2477 1923 2539 quemquam
1938 2459 2139 2522 alium
2164 2461 2539 2542 previnciae

1435 2636 1664 2686 tetrum
1697 2635 1817 2679 iam
1853 2645 1993 2680 non:
2069 2637 2178 2681 ‘not
2215 2649 2326 2682 now
2363 2650 2392 2682 a
2429 2650 2538 2684 new

1434 2713 1559 2754 case,
1566 2701 1580 2724 ¹
1619 2702 1714 2753 i.e..
1756 2701 1797 2746 it
1839 2703 1937 2747 had
1978 2703 2179 2757 already
2220 2706 2343 2748 been
2383 2703 2540 2749 Intro-

1433 2768 1594 2813 duced
1632 2769 1702 2822 by
1739 2769 1915 2814 Pansa.
1988 2771 2330 2823 omissaque:
2406 2772 2538 2816 Here

1433 2836 1522 2880 the
1554 2839 1734 2886 orator.
1770 2837 1899 2880 aiter
1931 2836 2007 2879 his
2039 2837 2241 2881 ironical
2274 2839 2535 2890 exordium,

1434 2902 1605 2953 begins
1636 2906 1691 2946 to
1723 2903 1875 2955 speak
1906 2904 2157 2957 seriously.

1501 2971 1574 3013 12.
1637 2976 1755 3013 non
1813 2968 2205 3015 liberationem
2255 3000 2270 3015 .
2318 3001 2333 3016 .
2386 3001 2400 3016 .
2438 2933 2539 3017 sed

1433 3036 1688 3080 veniam.
1744 3036 1853 3080 ‘not
1881 3037 2123 3087 acqmttai
2150 3038 2241 3082 but
2269 3039 2496 3091 pardon.’

1501 3105 1574 3147 15.
1608 3104 1791 3155 parto:
1862 3102 2020 3154 ‘side,’
2058 3104 2262 3157 ‘pai-ty!
2329 3107 2403 3157 te,
2442 3114 2539 3159 pa·

1434 3170 1607 3214 trem:
1679 3169 1765 3213 the
1800 3172 2137 3214 construction
2172 3171 2225 3215 of
2258 3183 2309 3215 se
2341 3173 2385 3215 is
2420 3184 2538 3216 con-

306 2636 550 2690 Liaarius,
589 2636 782 2679 acciwed
815 2633 864 2687 ot
896 2645 929 2677 a
963 2644 1063 2678 new
1096 2633 1350 2685 crime—ot

236 2705 421 2757 Ιιαυίπο
448 2704 559 2747 been
584 2703 640 2746 in
672 2700 1145 2753 Africa—confessos.
1229 2700 1349 2744 How

233 2774 277 2817 it
301 2771 566 2824 happened,
600 2770 766 2820 §51-3.

306 2838 360 2889 1.
399 2841 510 2883 2-4.
534 2838 908 2890 propinquus:
943 2835 1053 2879 how
1073 2834 1262 2880 related
1275 2845 1350 2879 we

237 2908 306 2952 do
337 2910 428 2950 not
462 2905 623 2948 know.
687 2903 976 2956 Ligarium
1008 2931 1023 2946 .
1057 2931 1072 2946 .
1107 2931 1122 2946 .
1151 2901 1348 2946 husto·

237 2973 527 3028 appositive
565 2973 618 3015 to
656 2971 847 3019 crimen.
890 2970 1058 3020 giving
1094 2968 1350 3021 ironically

236 3042 329 3086 the
359 3040 629 3083 substance
658 3038 709 3080 oi
740 3036 826 3080 the
856 3036 1155 3086 accusation,
1187 3034 1349 3078 which

235 3110 294 3152 oi
321 3117 498 3151 course
524 3116 625 3148 was
653 3107 740 3148 not
770 3103 955 3155 merely
983 3101 1095 3146 that
1128 3103 1349 3153 Ligarius

237 3175 343 3219 had
372 3175 503 3217 been
532 3176 585 3215 at
615 3183 646 3216 a
676 3172 821 3222 given
850 3170 990 3223 place
1020 3169 1112 3213 but
1143 3169 1254 3213 that
1285 3169 1350 3213 he

236 3242 343 3286 had
383 3242 539 3284 borne
577 3249 707 3282 arms
745 3238 884 3281 there
920 3237 1115 3289 against
1156 3237 1347 3281 Caesar.

234 3310 301 3354 id
334 3339 349 3353 .
383 3338 399 3352 .
432 3336 449 3351 .
480 3305 756 3350 confiteri:
815 3305 977 3348 Pansa
1011 3303 1199 3353 (consui
1227 3302 1348 3346 with

239 3377 442 3420 Hirtius
465 3374 516 3417 in
541 3373 623 3423 43)
648 3372 746 3417 had
771 3371 973 3423 already
996 3370 1204 3424 pleaded
1226 3370 1350 3415 with

236 3444 424 3488 Caesar
448 3442 502 3485 in
527 3440 692 3484 behali
717 3439 770 3483 of
797 3439 1032 3491 Ligarius.

307 3512 354 3555 6.
389 3508 460 3554 ut
495 3537 510 3552 .
546 3537 561 3552 .
596 3537 610 3552 .
642 3508 926 3553 abuterer:
988 3507 1187 3559 paratus
1216 3515 1350 3549 com-

235 3577 416 3629 monly
444 3575 487 3619 is
525 3574 748 3619 followed
789 3575 858 3627 by
876 3585 943 3619 an
970 3573 1230 3617 Infinitive.

306 3645 450 3688 8-10.
483 3642 726 3686 inimici:
768 3642 977 3685 Tubero.
1036 3639 1189 3692 quod
1211 3637 1350 3682 late-

237 3711 370 3756 bat:
431 3720 497 3753 sc.
530 3710 584 3753 id
612 3720 667 3753 as
698 3708 990 3752 antecedent
1023 3706 1122 3750 and
1154 3706 1347 3756 subject

236 3778 298 3822 ot
321 3777 655 3828 invectivarum
681 3776 761 3819 est.
823 3775 1190 3819 necessarium
1246 3772 1349 3816 The

239 3845 362 3888 ‘tie’
409 3845 632 3888 between
679 3843 845 3887 Cicero
890 3840 991 3884 and
1041 3841 1201 3883 Pansa
1246 3849 1349 3882 was

237 3912 374 3958 their
402 3921 630 3955 common
659 3909 859 3954 defense
886 3908 938 3952 oi
969 3907 1204 3958 Ligarius.
1264 3905 1349 3949 in·

1433 3235 1607 3280 tinued
1639 3237 1768 3279 aiter
1801 3235 1886 3279 the
1919 3237 2135 3288 relative.
2170 3238 2366 3281 instead
2398 3239 2450 3282 oi
2482 3240 2537 3282 tu

1432 3302 1588 3354 ruisti.
1648 3302 1781 3345 Both
1830 3302 2024 3347 Tubero
2073 3303 2174 3347 and
2229 3304 2306 3347 his
2372 3305 2536 3350 father

1433 3369 1533 3414 had
1581 3368 1852 3422 supported
1906 3370 2128 3423 Pompey
2174 3371 2228 3414 in
2268 3371 2356 3416 the
2418 3372 2535 3416 civil

1433 3447 1573 3548 msc.
1609 3503 2017 3547 confiteamini:
2112 3515 2192 3548 see
2233 3506 2292 3550 A.
2335 3507 2441 3554 569.
2488 3508 2532 3556 2.

1433 3574 1551 3614 note
1581 3572 1631 3620 2:
1660 3570 1719 3614 B.
1749 3571 1856 3622 295,
1886 3571 1937 3620 8:
1967 3570 2032 3614 Η.
2063 3573 2169 3622 564.
2202 3571 2270 3622 11,
2305 3574 2352 3622 1:
2382 3572 2534 3617 H.-B.

1434 3639 1743 3747 fflffb?.o‹¹=im
1773 3703 1918 3747 met
1947 3702 2128 3748 nulla:
2189 3705 2291 3748 The
2320 3715 2422 3748 war
2449 3703 2535 3748 be-

1434 3781 1529 3822 gan
1563 3771 1613 3813 in
1650 3773 1722 3820 49,
1759 3768 1900 3812 while
1920 3769 2173 3813 Considius
2199 3772 2273 3820 (as
2303 3781 2535 3823 proprae-

1434 3837 1535 3887 tor)
1568 3836 1666 3880 and
1700 3835 1920 3886 Ligarius
1955 3837 2030 3886 (as
2072 3837 2271 3887 Ιεσαὲιω)
2302 3840 2431 3880 went
2476 3840 2534 3880 to

1435 3904 1600 3947 Africa
1625 3904 1677 3945 in
1704 3905 1781 3946 50.
