2913 4338
280 257 402 320 366
1097 258 1510 314 EPISTOLAE
1570 260 1944 314 SELECTAE

380 434 615 497 Habeo
669 434 871 497 etiam
926 433 1102 496 illam
1160 433 1548 511 molestiam,
1606 435 1783 515 quod
1842 435 2178 499 Dolabella
2234 443 2453 500 noster
2506 443 2652 518 aput

378 534 720 598 Caesarem
750 539 868 596 est.

463 633 645 696 Haec
694 633 817 697 tibi
863 639 1024 696 nota
1068 653 1206 696 esse
1252 633 1431 698 volui
1441 656 1459 711 ς
1506 654 1676 714 quae
1724 645 1883 698 cave
1929 645 2011 699 ne
2058 642 2125 698 te
2170 639 2551 716 perturbent
2593 645 2653 701 et

376 734 743 814 impediant
788 732 1229 796 valetudinem
1276 739 1483 798 tuam.
1573 736 1712 814 Ego
1758 735 1834 796 A.
1884 736 2176 813 Varroni,
2225 757 2423 816 quem
2467 758 2650 818 quom
2666 741 2698 801 6

282 855 343 896 45
377 833 901 898 amantissimum
951 842 1079 895 mei
1127 841 1402 912 cognovi
1448 839 1596 897 tum
1644 835 1844 897 etiam
1892 835 2086 899 valde
2132 841 2235 898 tui
2281 837 2652 914 studiosum,

374 934 873 1013 diligentissime
907 938 975 995 te
1010 933 1481 1011 commendavi,
1519 940 1598 996 ut
1632 941 1701 998 et
1735 934 2128 998 valetudinis
2162 942 2318 999 tuae
2353 937 2656 1001 rationem

371 1034 647 1098 haberet
699 1040 768 1097 et
821 1034 1256 1112 navigationis
1306 1039 1375 1096 et
1427 1039 1646 1096 totum
1701 1040 1769 1098 te
1821 1034 2173 1114 susciperet
2228 1057 2301 1099 ac
2356 1042 2654 1101 tueretur.

374 1135 586 1211 Quem
620 1133 841 1197 omnia
873 1133 1200 1196 facturum
1232 1133 1493 1196 confido
1502 1154 1517 1210 ;
1550 1134 1793 1215 recepit
1822 1134 1995 1197 enim
2026 1141 2095 1198 et
2126 1145 2383 1199 mecum
2416 1137 2658 1202 locutus

373 1240 476 1297 est
530 1233 931 1297 suavissime.
1020 1234 1139 1309 Τιί,
1195 1233 1505 1313 quoniam
1559 1244 1637 1296 eo
1690 1240 1983 1314 tempore
2035 1246 2293 1299 mecum
2347 1257 2487 1300 esse
2538 1247 2657 1300 non

292 1351 341 1396 *o
373 1334 668 1414 potuisti,
694 1335 826 1413 quo
847 1353 965 1412 ego
987 1333 1270 1396 maxime
1293 1353 1557 1413 operam
1579 1340 1649 1397 et
1670 1334 2053 1398 fidelitatem
2075 1335 2442 1400 desideravi
2464 1343 2654 1413 tuam,

372 1443 534 1498 cave
570 1434 837 1495 festines
871 1437 989 1496 aut
1024 1433 1416 1509 committas,
1454 1438 1533 1495 ut
1567 1439 1687 1497 aut
1720 1453 1906 1512 aeger
1957 1441 2073 1498 aut
2124 1435 2333 1500 hieme
2384 1438 2650 1517 naviges.

374 1535 754 1613 Numquam
800 1542 941 1596 sero
985 1538 1054 1597 te
1098 1534 1348 1596 venisse
1391 1535 1665 1613 putabo,
1713 1542 1768 1594 si
1812 1533 2032 1596 salvus
2058 1536 2346 1621 ‘veneris
2437 1537 2650 1599 Adhuc

373 1634 699 1697 neminem
745 1633 1057 1709 videram,
1104 1641 1219 1713 qui
1262 1639 1330 1697 te
1372 1640 1604 1713 postea
1647 1633 1915 1696 vidisset
1960 1654 2162 1714 quam
2209 1636 2293 1697 M.
2342 1636 2646 1712 VolusiuS,

373 1744 413 1797 a
460 1743 592 1813 quo
639 1739 790 1796 tuas
836 1734 1088 1796 litteras
1134 1742 1369 1812 accepi.
1460 1733 1651 1810 Quod
1697 1743 1829 1795 non
1876 1737 2159 1798 mirabar
2167 1754 2185 1812 ;
2232 1755 2446 1816 neque
2490 1738 2645 1800 enim

273 1854 339 1896 ⁵5
374 1844 551 1905 meas
581 1839 746 1914 puto
779 1833 862 1896 ad
892 1839 960 1897 te
988 1833 1252 1896 litteras·
1269 1838 1458 1897 tanta
1492 1833 1702 1897 hieme
1730 1834 2015 1914 perferri.
2104 1835 2232 1898 Sed
2262 1835 2351 1899 da
2379 1857 2644 1917 operam,

373 1941 449 1998 ut
477 1934 697 1996 valeas
722 1939 809 2009 et,
839 1941 894 1996 si
918 1933 1185 2008 valebiS,
1215 1954 1365 1996 cum
1392 1939 1567 1997 recte
1594 1934 1886 2014 navigari
1912 1934 2173 2014 poterit,
2205 1940 2353 1998 tum
2382 1937 2642 2016 naviges

373 2035 591 2099 Cicero
650 2052 832 2095 meus
889 2032 957 2094 in
1016 2024 1362 2096 Formiano
1419 2039 1580 2109 erat,
1640 2033 1945 2095 Terentia
2001 2040 2070 2096 et
2128 2034 2340 2097 Tullia
2400 2036 2644 2098 Romae.

372 2134 559 2208 Cura,
596 2137 672 2195 ut
703 2132 937 2196 valeas.
987 2151 1093 2195 1111
1127 2132 1211 2195 K.
1247 2134 1433 2196 Febr.
1470 2134 1753 2213 Capua..

439 2448 512 2487 41.
549 2443 852 2487 Dolabella:
886 2443 1082 2486 Tullia's
1098 2443 1324 2486 husband
1341 2444 1471 2485 since
1561 2443 1671 2486 that
1689 2443 1914 2487 followed
1933 2445 2137 2488 Cicero's
2153 2448 2226 2489 ret
2233 2447 2540 2489 urn—‘sinoe
2555 2456 2637 2498 you

375 2514 434 2554 50
488 2513 584 2559 (see
632 2510 972 2561 introductory
1019 2513 1136 2552 note
1182 2513 1235 2552 to
1282 2510 1375 2561 Ep.
1424 2512 1468 2559 9.
1558 2510 1779 2553 couldn't
1811 2511 1873 2553 be
1902 2510 2023 2553 with
2055 2522 2135 2554 me
2166 2511 2303 2563 then,
2337 2512 2477 2555 dou't
2508 2514 2639 2562 hurty

379 2578 601 2627 Tulliae).
666 2577 1015 2628 aput=apmz,
1051 2575 1225 2619 ‘with.'
1557 2587 1681 2626 now,
1708 2580 1760 2619 at
1788 2588 1887 2629 any
1911 2577 2013 2619 risk
2036 2581 2090 2621 to
2117 2589 2242 2629 your
2268 2578 2474 2624 health!

437 2649 510 2688 44.
545 2642 957 2688 valetudlnem:
1008 2642 1118 2685 Tiro
1144 2642 1243 2685 had
1267 2642 1392 2686 been
1415 2643 1468 2685 in
1619 2645 1695 2686 51.
1729 2651 1864 2686 eave
1902 2673 1916 2687 .
1956 2673 1970 2687 .
2010 2673 2023 2687 .
2059 2645 2416 2689 committas:
2482 2657 2556 2690 see
2584 2655 2639 2688 on
2690 2667 2693 2670 η

370 2722 491 2764 poor
517 2710 685 2753 health
715 2710 844 2753 since
871 2711 947 2752 50.
1006 2709 1260 2752 Varroni:
1312 2710 1468 2752 Aulus
1557 2709 1657 2760 Lig.
1680 2711 1731 2753 5.
1755 2712 1827 2753 16.
1881 2710 1954 2754 Cf.
1972 2710 2088 2760 noli,
2112 2711 2177 2754 M.
2202 2712 2256 2755 L.
2277 2713 2360 2755 23.
2385 2714 2460 2757 17.
2511 2719 2643 2755 com·

371 2778 625 2822 Terentius
659 2777 813 2820 Varro
846 2776 1061 2825 Murena.
1090 2787 1126 2831 *a
1157 2779 1327 2826 strong
1357 2787 1467 2828 par·
1554 2777 1753 2819 mittat
1779 2776 1849 2821 ut
1878 2805 1892 2820 .
1923 2805 1938 2820 .
1970 2805 1985 2820 .
2012 2778 2268 2829 naviges:
2318 2779 2396 2821 for
2422 2778 2508 2822 the
2532 2778 2642 2831 peri·

367 2847 498 2889 tisan
532 2845 584 2887 ot
619 2845 838 2895 Pompey
873 2842 972 2885 and
1007 2842 1162 2885 friend
1197 2843 1249 2885 of
1283 2843 1464 2886 Cicero.
1554 2843 1743 2895 phrasis
1770 2854 1849 2886 see
1876 2854 1941 2885 on
1968 2842 2065 2886 111.
2095 2845 2146 2887 ’1.
2175 2847 2251 2887 22.

368 2921 726 2964 quom=cum,
773 2909 1059 2953 correlative
1090 2912 1145 2952 to
1181 2910 1295 2959 tum,
1323 2909 1358 2953 1.
1389 2912 1463 2953 45.
1614 2912 1690 2954 53.
1724 2910 1993 2961 videram,
2049 2910 2304 2954 vidisset:
2370 2912 2640 2964 'epistolary

433 2981 506 3022 47.
540 2978 946 3029 navigationis:
1048 2979 1103 3019 to
1155 2975 1303 3027 Italy.
1389 2976 1464 3018 On
1550 2979 1713 3020 tenses
1747 2977 1829 3026 (R.
1852 2977 1903 3020 C.
1937 2977 2071 3027 §15);
2101 2981 2220 3020 note
2249 2977 2438 3029 change
2466 2983 2519 3022 to
2548 2989 2641 3031 per-

368 3046 571 3088 Cicero's
594 3049 765 3088 return
792 3045 918 3087 from
944 3043 1109 3087 Cilicia
1131 3042 1193 3085 he
1215 3042 1316 3085 had
1340 3043 1463 3086 been
1551 3043 1648 3086 fect
1675 3043 1729 3086 in
1754 3043 1932 3095 accepi.

364 3112 556 3163 obliged
589 3117 642 3155 to
675 3112 814 3155 leave
848 3111 959 3154 Tiro
993 3114 1044 3153 at
1080 3111 1257 3154 Patrae
1287 3121 1352 3153 on
1385 3120 1464 3152 ac·
1613 3112 1690 3154 55.
1724 3111 1892 3154 tanta
1947 3109 2156 3155 hieme:
2245 3111 2320 3154 ‘so
2375 3117 2570 3164 stormy
2615 3122 2641 3154 a

364 3184 513 3221 count
542 3180 593 3221 of
620 3179 694 3221 his
723 3179 885 3221 illness
918 3178 1000 3227 (ci.
1026 3177 1059 3221 1.
1089 3178 1188 3227 44).
1549 3178 1744 3221 season'
1777 3178 1850 3227 (so
1876 3177 2039 3228 hieme,
2065 3177 2098 3221 l.
2127 3179 2229 3227 51).

431 3247 503 3289 48.
536 3246 767 3296 receptu:
834 3245 943 3287 ‘has
975 3243 1315 3293 undertaken‚’
1352 3243 1462 3286 ‘has
1613 3247 1689 3288 56.
1723 3245 1978 3295 naviges:
2024 3255 2089 3288 se.
2115 3246 2181 3295 ut,
2208 3246 2337 3288 aiter
2359 3246 2424 3289 da
2449 3257 2640 3297 operam.

365 3311 607 3364 promised
638 3311 710 3354 it.'
1035 3323 1039 3327 ·
1613 3314 1688 3354 57.
1723 3312 2044 3355 form-lano:
2087 3322 2154 3354 sc.
2177 3312 2331 3362 tundo
2360 3312 2445 3361 (ci.
2477 3313 2640 3355 Taren-

430 3380 503 3421 49.
538 3386 603 3420 eo
634 3378 904 3429 tempore:
962 3387 1014 3420 in
1047 3376 1129 3419 the
1159 3377 1288 3429 busy
1317 3377 1461 3420 times
1549 3378 1663 3427 tino,
1692 3379 1741 3420 8.
1769 3378 1837 3427 7).
1895 3377 2038 3421 erat:
2090 3376 2175 3419 ‘is’
2207 3377 2307 3427 (see
2334 3389 2398 3420 on
2425 3378 2460 3421 l.
2488 3380 2584 3429 53).
