2913 4338
109 1895 178 1937 30

1005 297 1162 353 οΑΡ.
1206 300 1405 364 23-24,
1452 290 1534 374 §g
1583 300 1755 354 68-71

214 494 442 554 quam,
489 492 700 553 neque
740 481 885 554 quo·
911 474 1025 537 Cn.
1051 471 1322 553 Pompei
1359 471 1640 550 gratiam
1681 471 1840 534 mihi
1879 492 1996 553 per
2035 471 2203 537 hanc
2245 493 2508 537 causam

213 572 548 637 conciliari
572 580 819 651 putem,
848 591 1057 653 neque
1081 581 1214 653 quo
1240 570 1397 633 mihi
1422 591 1506 634 ex
1530 572 1914 652 cuiusquam
1939 571 2368 653 amplitudine
2394 580 2512 636 aut

209 671 545 753 praesidia
565 671 863 751 periculis
886 677 1002 734 aut
1026 671 1404 735 adiumenta
1425 671 1780 735 honoribus
1816 691 2146 753 quaeram,
2169 679 2515 753 propterea

209 771 397 854 quod
429 771 718 851 pericula
750 770 956 847 facile,
990 777 1068 834 ut
1099 770 1428 834 hominem
1461 777 1792 852 praestare
1825 778 2105 851 oportet,
2140 771 2513 837 innocentia

104 894 170 936 20
209 880 379 938 tecti
420 870 821 951 repellemuS,
862 870 1172 934 honorem
1214 878 1436 935 autem
1477 892 1686 953 neque
1727 873 1809 935 ab
1851 881 1983 935 uno
2021 893 2231 954 neque
2270 893 2353 936 ex
2392 874 2512 937 hoc

207 976 380 1051 Ioco,
405 972 520 1036 sed
543 971 770 1035 eadem
792 970 903 1033 illa
922 978 1147 1034 nostra
1186 971 1688 1036 laboriosissima
1727 972 1979 1036 ratione
2001 979 2197 1050 vitae,
2222 983 2277 1036 si
2299 981 2464 1038 vesti
2478 997 2517 1038 a

210 1076 532 1142 voluntas
573 1074 754 1147 feret,
797 1080 1279 1152 consequemur.

1369 1073 1583 1150 Quam
1621 1075 1705 1137 ob
1743 1094 1900 1149 rem,
1940 1074 2251 1155 quicquid
2287 1074 2355 1135 in
2393 1075 2513 1139 hac
2532 1077 2609 1138 71

211 1186 419 1240 causa
446 1174 606 1235 mihi
636 1178 1009 1252 susceptum
1037 1179 1156 1248 est,
1187 1173 1491 1250 QuiriteS‚
1511 1174 1579 1236 id
1606 1194 1723 1254 ego
1751 1193 1943 1237 omne
1971 1184 2075 1237 me
2100 1184 2192 1236 rei
2217 1175 2516 1255 publicae

211 1284 420 1340 causa
459 1274 812 1355 suscepisse
854 1273 1187 1350 confirmo,
1230 1279 1626 1354 tantumque
1666 1275 1871 1351 abest,
1913 1279 1992 1338 ut
2032 1274 2319 1355 aliquam
2359 1276 2519 1337 mihi

104 1395 175 1437 25
209 1378 463 1440 bonam
489 1375 773 1455 gratiam
802 1383 1126 1455 quaesisse
1152 1373 1394 1451 videar,
1424 1380 1502 1436 ut
1529 1374 1771 1437 multas
1797 1385 1901 1438 me
1926 1376 2128 1437 etiam
2153 1376 2521 1440 simultates

207 1475 466 1557 partim
490 1476 815 1551 obscuras5
839 1475 1081 1555 partim
1105 1480 1363 1554 apertas
1383 1474 1754 1554 intellegam
1776 1475 1937 1536 mihi
1957 1485 2087 1539 non
2109 1477 2518 1554 necessarias,

211 1577 409 1639 vobis
448 1584 578 1638 non
615 1575 878 1638 inutiles
913 1574 1284 1654 suscepisse.

1374 1574 1503 1637 Sed
1537 1595 1655 1654 ego
1693 1585 1796 1638 me
1832 1575 1953 1639 hoc
1989 1575 2232 1638 honore
2267 1577 2523 1656 praedi-

209 1684 386 1752 tum,
424 1682 630 1739 tantis
656 1680 889 1738 vestris
920 1674 1246 1737 beneficiis
1280 1661 1614 1738 adfectum
1640 1679 1865 1751 statui,
1893 1675 2196 1752 Quirites
2212 1757 2216 1761 .
2233 1683 2522 1739 vestram

214 1776 638 1840 voluntatem
669 1780 737 1837 et
766 1783 860 1836 rei
889 1773 1188 1853 publicae
1218 1773 1606 1852 dignitatem
1637 1780 1706 1837 et
1734 1773 2012 1836 salutem
2042 1775 2522 1854 provinciarum

216 1882 427 1955 atque
457 1875 776 1938 sociorum
807 1882 966 1935 meis
995 1872 1298 1937 omnibus
1329 1873 1686 1936 commodis
1714 1878 1782 1949 et
1810 1873 2172 1937 rationibus
2201 1876 2523 1953 praeferre

214 1980 540 2055 oportere.

210 2149 451 2203 pioque:
493 2148 613 2192 ‘this
634 2147 949 2192 consecrated
970 2146 1142 2200 place,'
1163 2151 1331 2191 mean‘

208 2219 305 2268 ing
334 2217 421 2260 the
445 2219 608 2260 rostra.
669 2217 741 2260 ad
771 2245 784 2259 .
815 2245 830 2259 .
860 2245 863 2251 -
900 2215 1139 2259 adeunt:
1191 2214 1332 2258 ‘take

211 2288 337 2337 part
364 2283 417 2326 in
443 2283 610 2336 public
638 2282 838 2326 affairs!

286 2351 457 2394 16-18.
491 2358 674 2401 neque
713 2357 1037 2401 quo=neque
1073 2348 1189 2400 quia
1232 2348 1331 2397 (see

213 2421 278 2462 A.
320 2419 427 2467 540,
463 2421 581 2460 note
616 2419 668 2466 3;
704 2416 763 2460 Β.
801 2417 908 2466 286,
948 2417 991 2466 1,
1027 2416 1081 2463 b:
1118 2415 1183 2459 H.
1219 2415 1326 2465 588,

210 2485 288 2535 ΙΙ,
334 2486 384 2534 2;
423 2483 571 2528 Η.-Β.
613 2485 720 2533 535,
763 2484 806 2534 2,
848 2480 922 2534 b).
994 2490 1179 2533 neque
1216 2489 1331 2533 quo

214 2552 271 2601 (l.
307 2552 601 2602 17)=neque
623 2551 675 2592 ut
699 2561 764 2600 eo,
818 2560 883 2592 an
907 2548 1141 2600 ordinary
1166 2547 1330 2591 clause

208 2619 268 2662 ot
295 2628 524 2670 purpose.
583 2619 626 2659 A
651 2616 815 2660 clause
840 2615 1131 2659 introduced
1156 2614 1226 2666 by
1250 2615 1331 2657 sed

209 2687 268 2729 ut
296 2684 455 2735 might
482 2684 546 2727 be
570 2683 809 2736 expected
837 2687 892 2727 to
918 2683 1095 2734 follow,
1124 2682 1216 2725 but
1244 2681 1330 2725 the

206 2751 332 2795 idea
365 2751 418 2794 ot
452 2751 649 2802 serving
683 2750 770 2795 the
806 2755 938 2795 state
972 2751 1132 2795 which
1166 2749 1329 2794 would

210 2819 279 2861 be
324 2817 588 2861 contained
628 2817 683 2860 in
724 2817 846 2862 such
887 2831 918 2862 a
960 2818 1124 2862 clause
1163 2817 1206 2860 is
1248 2828 1332 2860 ex-

210 2883 418 2938 pressed
463 2895 495 2927 a
539 2885 632 2928 few
677 2884 801 2928 lines
847 2884 1003 2928 below
1043 2885 1100 2928 in
1145 2896 1176 2927 a
1211 2884 1334 2933 ‚diff-

209 2954 356 2995 erent
388 2951 534 2994 form.
601 2952 876 3004 praesidia
923 2950 1182 3004 periculis
1229 2950 1333 2994 aut

210 3017 556 3061 adsumente.
619 3018 951 3063 honoribus:
1032 3017 1333 3070 ‘protection

209 3083 413 3135 against
440 3084 651 3135 dangers
676 3096 732 3127 or
756 3085 1025 3129 assistance
1055 3084 1110 3127 in
1134 3083 1333 3135 gaining

209 3150 417 3195 office&

285 3220 455 3262 19-21.
491 3219 584 3264 ut:
631 3219 923 3269 restrictive,
954 3218 1030 3260 ‘so
1054 3217 1132 3260 tar
1156 3227 1212 3260 as
1236 3227 1331 3259 one

213 3294 338 3336 may
362 3283 667 3334 guarantee!
741 3284 1037 3328 honorem:
1089 3281 1253 3333 object
1279 3280 1331 3324 ot

213 3359 574 3402 consequentum
590 3349 806 3400 singular
821 3348 1030 3394 because
1044 3347 1331 3393 abstract—

1421 2146 1710 2192 ‘honorable
1725 2147 2044 2193 distinction.'
2093 2147 2341 2201 Probably
2358 2149 2522 2193 Cicero

1417 2215 1508 2258 has
1537 2216 1623 2259 the
1652 2215 1933 2267 consulship
1961 2216 2013 2258 in
2041 2216 2196 2263 mind.
2261 2217 2349 2260 We
2377 2217 2521 2260 know

1418 2282 1547 2325 from
1572 2281 1716 2325 other
1742 2292 1936 2325 sources
1962 2281 2075 2325 that
2102 2281 2166 2326 he
2190 2293 2292 2326 was
2318 2283 2519 2335 already

1416 2348 1656 2401 planning
1690 2348 1766 2391 lus
1803 2349 2065 2401 campaign
2101 2350 2178 2392 for
2215 2348 2327 2392 that
2365 2350 2522 2393 office.

1416 2424 1558 2459 uno:
1613 2416 1849 2467 Pompey.
1911 2414 2016 2459 hoo
2043 2414 2188 2459 loco:
2242 2416 2328 2460 the
2353 2418 2521 2468 rostra,

1415 2482 1510 2532 i.e.‚
1538 2481 1751 2532 through
1776 2481 1994 2534 political
2020 2483 2247 2534 activity.
2303 2483 2521 2526 ratione

1416 2549 1593 2592 vitae:
1655 2547 1742 2592 the
1767 2548 1884 2600 plan
1909 2548 1961 2597 of
1988 2548 2226 2600 devoting
2248 2549 2443 2592 himself
2467 2553 2524 2593 to

1417 2615 1504 2659 the
1530 2615 1615 2659 life
1641 2615 1693 2658 ot
1720 2626 1785 2658 an
1814 2615 2058 2659 advocate
2091 2617 2189 2666 (see
2217 2617 2266 2659 1.
2293 2616 2363 2667 5).

1481 2684 1651 2727 23-25.
1687 2682 1855 2726 mihi:
1917 2683 1993 2725 for
2024 2693 2135 2726 case
2165 2683 2228 2728 cf.
2260 2682 2382 2725 mihi
2413 2713 2426 2727 .
2460 2715 2472 2727 .
2508 2713 2524 2727 .

1417 2751 1588 2795 bellum
1616 2751 1884 2802 susceptum
1914 2760 2012 2792 esse
2038 2749 2185 2800 video,
2216 2749 2303 2793 1v.
2335 2750 2414 2793 10.
2443 2751 2523 2793 30.

1417 2819 1765 2870 tantumque
1803 2816 1980 2868 abest,
2024 2817 2092 2860 ut
2136 2850 2152 2858 -
2193 2844 2210 2858 .
2250 2843 2268 2860 .
2305 2815 2522 2859 videar:

1422 2884 1543 2928 ‘and
1576 2895 1630 2927 so
1663 2884 1739 2927 far
1770 2893 1852 2927 am
1886 2883 1911 2926 Ι
1945 2885 2073 2927 from
2106 2882 2354 2933 seeming.’
2419 2881 2523 2926 The

1418 2951 1525 2994 first
1563 2952 1617 2994 ut
1653 2950 1817 2994 clause
1852 2949 1895 2992 is
1933 2948 2126 3000 subject
2166 2950 2218 2993 ot
2256 2949 2394 2998 abest,
2435 2947 2523 2991 the

1418 3017 1598 3061 second
1622 3027 1871 3068 expresses
1893 3017 2045 3059 result
2071 3016 2200 3059 after
2223 3016 2407 3059 tantum
2437 3014 2522 3065 (ct.

1420 3084 1517 3128 III.
1540 3086 1590 3127 9.
1615 3084 1778 3133 9-12).

1483 3152 1652 3194 27-30.
1688 3149 1793 3192 hoo
1815 3149 2048 3193 honore:
2086 3148 2173 3192 the
2192 3147 2519 3201 praetorship.

1418 3217 1597 3260 tantis
1627 3215 1827 3259 vestris
1859 3215 2166 3259 beneflciis:
2225 3214 2389 3258 Cicero
2419 3213 2519 3256 had

1416 3281 1699 3334 previously
1746 3281 1871 3324 been
1919 3284 2150 3330 quaestor
2197 3279 2297 3323 and
2345 3279 2520 3324 aedile.

1416 3347 1757 3394 ”tinnibunt
1803 3346 2085 3392 ‘interests’

2485 296 2606 358 221
