2913 4338
860 243 1143 298 ORATIO
1202 243 1285 296 IN
1344 241 1761 296 CATILINAM
1817 240 2099 294 TERTIA

226 244 342 307 134

317 420 666 496 factsirum,
714 424 790 482 ut
834 417 916 482 de
956 415 1244 498 pericule
1286 415 1550 496 pflblice
1594 424 1724 478 nen
1768 414 1854 477 ad
1898 412 2240 478 censilium
2282 412 2622 493 pfiblicum

229 541 287 583 15
320 541 456 583 rem
501 520 821 598 integram
868 518 1200 582 deferrem.
1292 517 1574 591 Etenim,
1623 516 1926 592 QuiriteS,
1974 524 2029 576 si
2071 534 2167 591 ea,
2215 534 2383 595 quae
2428 522 2620 578 erant

322 620 406 682 ad
452 629 556 683 me
599 618 838 695 delata,
885 623 1142 698 reperta
1186 626 1317 679 nen
1360 621 1594 692 essent,
1643 621 1866 678 tamen
1909 634 2027 694 ego
2072 625 2203 677 nen
2249 615 2624 679 arbitrabar

320 720 388 781 in
434 725 640 782 tantis
684 727 777 781 rei
821 716 1121 798 pflblicae
1165 716 1465 796 periculis
1510 735 1646 778 esse
1693 716 1851 778 mihi
1897 715 2167 778 nimiam
2214 717 2623 798 diligentiam

319 818 922 899 pertimescendam.
1024 819 1339 881 Senatum
1390 814 1799 897 frequentem
1850 815 2158 893 celeriter,
2212 824 2289 881 ut
2339 819 2622 896 vidistiS,

321 928 514 998 coegi.
606 920 825 999 Atque
879 917 1129 980 interea
1182 917 1411 980 statim
1471 916 1812 980 admonitii
1869 917 2293 996 Allobrogum
2348 920 2417 982 C.
2478 921 2623 983 Sul·
2643 925 2687 984 8

226 1039 286 1084 20
317 1019 560 1099 picium
593 1025 981 1098 praeterem,
1019 1018 1256 1080 fortem
1291 1017 1527 1092 virum,
1566 1025 1729 1092 misi,
1767 1026 1881 1097 qui
1912 1037 1995 1079 ex
2029 1018 2299 1081 aedibus
2332 1019 2622 1099 Cethegi,

318 1129 373 1181 si
404 1119 563 1200 quid
595 1118 875 1182 telerum
896 1123 1085 1193 esset,
1112 1117 1370 1180 efferret
1380 1137 1396 1193 ;
1427 1136 1512 1179 ex
1542 1116 1780 1196 quibus
1810 1117 1915 1179 ille
1948 1118 2309 1180 maximum
2341 1128 2625 1182 sicarum

321 1239 665 1281 numerum
695 1224 764 1281 et
792 1217 1154 1298 gladiorum
1183 1215 1441 1280 extulit.

400 1314 460 1378 4.
514 1318 862 1381 Intrediixi
908 1317 1314 1382 Volturcium
1361 1316 1499 1378 sine
1546 1316 1748 1379 Gallis
1756 1336 1774 1393 ;
1822 1316 2017 1379 fidem
2063 1318 2395 1397 pssblicam
2444 1319 2624 1382 iussfl

320 1425 586 1481 senatus
637 1417 787 1480 dedi
795 1437 812 1494 ς
865 1418 1166 1481 hortatus
1215 1436 1382 1492 sum,
1438 1422 1516 1478 ut
1564 1436 1661 1492 ea,
1715 1436 1884 1496 quae
1933 1423 2143 1493 sciret,
2199 1418 2336 1481 sine
2387 1418 2627 1483 timere

320 1518 653 1581 indicaret.
761 1519 933 1580 Tum
1004 1516 1109 1579 ille
1190 1516 1377 1592 dixit,
1440 1535 1590 1578 cum
1650 1516 1764 1577 vix
1821 1526 1890 1579 se
1947 1536 2030 1579 ex
2089 1526 2327 1596 magne
2387 1519 2628 1582 timere

320 1623 690 1694 recreasset,
739 1626 780 1680 e.
823 1618 895 1680 Ρ.
947 1616 1224 1679 Lentule
1270 1625 1338 1679 se
1383 1615 1621 1678 habere
1666 1614 1751 1677 ad
1796 1615 2146 1678 Catilinam
2193 1618 2511 1681 mandata
2556 1626 2629 1682 et

259 1737 289 1781 5
321 1717 591 1794 litteraS,
638 1723 715 1780 ut
757 1726 1090 1780 serverum
1153 1714 1476 1796 praesidie
1546 1720 1855 1791 uteretur,
1901 1721 1979 1777 ut
2022 1716 2107 1779 ad
2148 1718 2377 1779 urbem
2422 1739 2627 1799 quam

320 1827 605 1898 primum
641 1838 789 1879 cum
823 1817 1114 1879 exercitii
1150 1815 1483 1878 accederet
1493 1835 1509 1891 3
1546 1813 1613 1876 id
1648 1820 1869 1877 autem
1904 1824 1981 1878 ee
2016 1817 2299 1893 consilie,
2338 1823 2434 1893 ut,
2473 1839 2628 1881 cum

321 1917 548 1980 urbem
611 1937 693 1979 ex
753 1916 1056 1980 omnibus
1114 1915 1433 1995 partibuS,
1499 1933 1695 1994 quem
1758 1914 1843 1977 ad
1904 1915 2174 1979 modum
2237 1917 2627 1997 discriptum

321 2016 880 2096 distributumque
913 2020 1074 2091 erat,
1112 2014 1549 2077 incendissent
1584 2013 1977 2094 caedemque
2011 2016 2341 2079 infinitam
2377 2018 2626 2080 civium

324 2116 643 2192 fecissent,
698 2121 960 2196 praeste
1011 2120 1180 2178 esset
1233 2113 1355 2190 ille,
1411 2122 1526 2195 qui
1576 2119 1645 2177 et
1698 2114 2004 2194 fugientis
2054 2116 2380 2197 exciperet
2433 2123 2502 2180 et
2554 2129 2626 2183 se

394 2312 559 2354 14-16.
593 2309 903 2362 facturum.
961 2311 1031 2355 ut
1085 2319 1203 2354 non
1257 2308 1432 2354 deter-

321 2385 603 2420 rem-non
661 2378 927 2420 delaturum
991 2379 1068 2427 (A.
1116 2379 1222 2427 568,
1270 2388 1324 2426 n;
1371 2376 1429 2420 B.

325 2446 431 2493 297.
481 2446 526 2491 1:
571 2444 634 2488 H.
680 2445 786 2494 566,
835 2445 882 2492 1;
925 2444 1073 2488 H.-B.
1117 2446 1224 2495 521.
1268 2445 1313 2494 3,
1358 2443 1429 2493 a).

325 2509 626 2553 consillum
651 2509 970 2561 publicum:
1017 2522 1096 2554 see
1119 2521 1184 2553 on
1209 2511 1250 2555 Ι.
1278 2511 1326 2554 1.
1355 2512 1429 2554 12.

320 2576 628 2628 integram:
721 2576 1068 2628 ‘untampered
1113 2576 1268 2627 with,’
1317 2576 1431 2619 ‘un-

322 2641 640 2694 prejudiced!
691 2641 989 2687 deferrem:
1027 2643 1248 2695 ‘repom’
1297 2644 1345 2686 81
1364 2651 1429 2685 ea

324 2738 342 2752 .
378 2739 392 2752 .
430 2739 444 2752 .
477 2710 696 2752 tamen:
761 2709 894 2752 what
929 2710 1064 2753 force
1095 2709 1185 2752 has
1216 2708 1290 2753 ei?
1355 2710 1428 2753 Cf.

322 2775 393 2819 11.
424 2777 472 2818 7.
501 2777 580 2823 26;
609 2776 648 2819 Ι.
681 2776 759 2819 12.
791 2778 834 2819 9.

390 2843 460 2891 17,
506 2843 577 2886 18.
613 2842 856 2885 nimiam
897 2842 1279 2894 dulgentiamt
1321 2842 1429 2886 ‘the

320 2909 556 2959 reproach
588 2909 640 2950 of
671 2910 917 2952 excessive
951 2909 1225 2959 diligencez’
1290 2920 1429 2962 preg-

322 2978 445 3017 nant
470 2981 569 3028 (see
590 2985 655 3017 on
672 2976 720 3017 1.
743 2977 839 3026 10).
884 2975 1158 3019 senatum
1171 2975 1430 3027 trequen-

322 3040 467 3084 tem:
521 3041 572 3084 ‘a
598 3042 684 3084 full
714 3043 917 3085 senate.'
979 3043 1143 3086 Cicero
1171 3042 1429 3086 elsewhere

323 3105 440 3149 calls
467 3118 530 3149 an
558 3108 856 3152 attendance
884 3109 938 3151 ot
968 3111 1058 3153 417
1087 3113 1310 3152 senators
1337 3109 1429 3160 tre-

321 3174 672 3224 quentissimus.

391 3240 554 3283 19-21.
590 3242 767 3293 coegi:
801 3284 808 3292 ,
835 3242 921 3286 the
956 3242 1093 3295 place
1127 3243 1180 3286 or
1213 3244 1428 3294 meeting

321 3316 424 3348 was
458 3305 542 3349 the
577 3309 759 3360 temple
794 3311 846 3352 oi
884 3309 1166 3359 Concordia,
1205 3310 1425 3353 between

323 3371 409 3414 the
441 3372 601 3416 torum
635 3375 732 3417 and
770 3375 853 3419 the
889 3376 1087 3429 capitol.
1159 3376 1216 3420 0.
1252 3375 1426 3428 sulpi-

323 3439 501 3482 ciumz
544 3445 630 3483 not
655 3442 912 3486 elsewhere
937 3443 1235 3487 mentioned.
1282 3445 1426 3488 aedi-

324 3504 452 3548 bus:
533 3507 607 3548 for
649 3508 934 3553 distinction
979 3512 1029 3553 in
1073 3511 1303 3562 meaning
1343 3512 1426 3555 be-

324 3573 481 3614 tween
505 3573 623 3624 sing.
653 3575 750 3618 and
777 3576 841 3628 pl.
870 3588 947 3621 see
973 3578 1144 3623 vocab.
1208 3578 1424 3623 Mention

323 3639 422 3679 two
451 3639 591 3682 other
625 3641 782 3685 words
814 3645 932 3687 with
966 3645 1050 3687 the
1082 3656 1215 3688 same
1246 3646 1425 3698 peculi-

324 3704 468 3754 arity.
531 3707 577 3749 sl
606 3708 763 3758 quid:
828 3708 1133 3755 ‘whatever.'

330 3770 597 3878 16Explain
640 3774 724 3817 the
766 3775 1103 3827 subjunctives
1145 3778 1195 3821 in
1238 3777 1286 3822 ll.
1335 3780 1426 3823 12-

1585 2302 1636 2356 4.
1671 2306 2013 2352 Examination
2037 2308 2088 2361 ot
2112 2309 2348 2354 witnesses
2373 2310 2524 2363 betore
2549 2311 2629 2356 the

1519 2377 1689 2425 senate.
1717 2376 1771 2427 §5
1793 2378 1838 2425 8.
1859 2377 1904 2419 9.

1586 2443 1626 2492 1,
1668 2444 1711 2485 2.
1745 2442 2098 2487 Volturcium
2135 2444 2257 2487 sine
2298 2443 2491 2489 Galus:
2566 2458 2626 2490 so

1520 2508 1768 2551 witnesses
1792 2519 1875 2551 are
1897 2510 2035 2552 often
2059 2511 2319 2554 examined
2345 2512 2628 2565 separately

1519 2585 1646 2618 now.
1706 2575 1863 2627 Why?
1920 2575 2094 2619 fidem
2121 2578 2436 2628 publicam:
2492 2580 2629 2632 ‘pro-

1522 2641 1706 2684 tectlon
1741 2652 1808 2684 on
1843 2641 1928 2685 the
1964 2646 2077 2694 part
2114 2645 2167 2686 of
2204 2644 2290 2687 the
2326 2645 2491 2694 state‚’
2526 2648 2626 2697 Le..

1520 2707 1797 2751 Volturcius
1811 2708 1990 2751 turned
2006 2711 2432 2755 states-evidence.
2461 2714 2628 2758 lustu

1516 2775 1771 2818 senatus:
1820 2775 2029 2818 because
2055 2775 2142 2820 the
2166 2778 2336 2821 consul
2362 2778 2507 2822 could
2533 2785 2626 2823 not

1518 2841 1582 2885 do
1606 2840 1704 2884 this
1730 2841 1891 2885 unless
1917 2842 2206 2886 authorized
2233 2845 2302 2896 by
2327 2845 2411 2888 the
2435 2850 2626 2891 senate.

1581 2910 1687 2952 4—7.
1722 2908 1996 2953 mandata
2039 2910 2097 2954 et
2137 2909 2382 2956 litteras:
2464 2913 2527 2956 cf.
2570 2914 2628 2956 2.

1521 2976 1592 3024 15.
1627 2974 1786 3018 where
1819 2976 1905 3019 the
1936 2977 2165 3020 mandata
2197 2989 2279 3022 are
2311 2979 2535 3031 assigned
2567 2983 2627 3023 to

1518 3042 1603 3085 the
1645 3041 1945 3094 Allobroges.
2020 3044 2089 3088 ut
2134 3073 2149 3087 .
2196 3073 2210 3087 .
2257 3073 2271 3087 .
2314 3046 2627 3091 accederet:

1519 3108 1604 3151 the
1632 3108 1895 3153 substance
1925 3110 1977 3153 of
2007 3111 2092 3154 the
2122 3113 2365 3156 mandata.
2427 3113 2509 3156 id:
2566 3114 2627 3156 in

1516 3176 1796 3228 apposition
1819 3180 1873 3219 to
1896 3176 1981 3220 the
2002 3177 2167 3222 clause
2190 3180 2242 3221 ut
2266 3210 2278 3223 .
2303 3211 2317 3223 .
2342 3211 2354 3224 .
2378 3180 2626 3224 accederet.

1517 3242 1771 3287 concillet
1823 3242 1995 3296 ‘plan,’
2023 3243 2215 3287 defined
2243 3244 2311 3297 by
2335 3246 2402 3289 its
2426 3248 2628 3299 apposi-

1517 3310 1621 3354 tive
1653 3311 1816 3355 clause
1848 3312 1900 3353 ut
1932 3343 1944 3355 .
1979 3343 1992 3356 .
2027 3342 2040 3354 .
2074 3313 2187 3354 esset
2226 3313 2376 3363 (6-9).
2441 3314 2627 3356 omm-

1517 3378 1620 3421 bue
1647 3378 1923 3429 partibus:
1975 3378 2059 3420 ‘on
2086 3377 2151 3421 all
2177 3378 2341 3428 sides;’
2367 3380 2419 3422 in
2443 3379 2626 3423 twelve

1516 3445 1676 3497 places
1699 3447 1958 3495 according
1979 3448 2032 3487 to
2056 3444 2252 3496 Sallust,
2279 3457 2373 3490 one
2394 3446 2625 3490 hundred

1516 3514 1774 3565 according
1808 3517 1860 3557 to
1895 3513 2144 3558 Plutarch.

1576 3581 1619 3630 8,
1657 3583 1700 3625 9.
1736 3581 1878 3624 erat:
1941 3591 1971 3623 a
2003 3581 2196 3624 remark
2229 3581 2281 3623 oi
2315 3580 2495 3629 Cicero,
2530 3585 2625 3624 not

1515 3652 1625 3699 part
1662 3648 1715 3691 or
1748 3649 1880 3691 what
1920 3648 2200 3692 Volturcius
2238 3648 2344 3691 said
2389 3649 2466 3696 (A.
2506 3647 2628 3697 583:

1516 3714 1571 3758 Β.
1604 3716 1709 3764 314,
1743 3716 1792 3763 3;
1825 3715 1888 3757 Η.
1920 3717 2024 3764 643.
2059 3717 2108 3764 3;
2140 3716 2288 3760 Η.-Β.
2323 3718 2429 3765 535.
2468 3717 2508 3765 1,
2542 3713 2626 3764 d).

1516 3781 1612 3831 qul
1644 3811 1657 3824 .
1689 3811 1703 3824 .
1735 3811 1748 3824 .
1777 3783 2072 3833 exciperet:
2129 3783 2203 3826 ‘to
2231 3787 2314 3827 cut
2345 3783 2628 3836 osv—pur-

1514 3859 1643 3896 nese.
