2913 4338
1128 265 1290 322 GAP.
1333 268 1384 332 4,
1430 259 1508 342 gg
1555 267 1662 320 6-8
2538 263 2652 325 111

250 438 480 500 strabo
515 437 664 501 iter:
737 439 998 507 Aurelia
1031 438 1144 503 via
1176 439 1507 520 profectus
1541 440 1668 517 es‘t;
1704 448 1759 502 si
1795 438 2147 502 accelerare
2182 438 2426 514 volent,
2467 437 2552 502 ad

249 558 594 617 vesperam
669 545 1162 619 consequentur.
1253 530 1308 601 Ο
1382 540 1789 603 fortunatam
1860 558 1997 601 rem
2068 538 2418 618 publicam,
2494 548 2548 601 si
2573 539 2613 602 7

249 637 522 718 quidem
556 637 724 701 hanc
757 645 1081 702 sentinam
1113 639 1291 702 urbis
1323 639 1606 702 eiecerit!
1693 631 1844 702 Uno
1874 637 2237 701 mehercule
2268 637 2551 702 Catilina

160 757 215 798 10
247 738 578 801 exhausto
624 738 845 801 levata
892 738 1052 800 mihi
1098 745 1168 802 et
1212 745 1503 802 recreata
1549 748 1649 802 res
1695 738 1960 818 publica
2007 737 2286 801 videtur.
2374 737 2548 816 Quid

248 838 427 900 enim
469 837 625 900 mali
665 844 783 901 aut
821 838 1074 901 sceleris
1112 839 1267 918 fingi
1307 845 1424 902 aut
1465 839 1732 918 cogitari
1764 843 2009 918 potest,
2052 837 2232 917 quod
2269 847 2402 900 non
2441 838 2546 900 ille

250 937 661 1018 conceperit?
746 937 890 1019 quis
945 944 1091 1002 tota
1145 930 1342 1001 Italia
1396 939 1740 1016 veneficus,
1800 938 1945 1018 quis
1999 937 2339 1017 gladiator,
2399 938 2545 1018 quis

248 1037 443 1113 latro,
470 1037 616 1117 quis
638 1038 921 1114 sicarius,
940 1037 1085 1118 quis
1105 1038 1448 1118 parricida,
1468 1038 1613 1118 quis
1635 1043 2179 1100 testamentorum
2201 1037 2550 1116 subiector,

249 1138 399 1217 quis
436 1137 976 1218 circumscriptor,
1013 1138 1160 1218 quis
1192 1146 1418 1217 ganeo,
1454 1137 1602 1217 quis
1634 1147 1853 1218 nepos,
1891 1137 2037 1217 quis
2071 1136 2345 1214 adulter,
2381 1157 2553 1217 quae

162 1256 217 1298 15
249 1237 484 1299 mulier
509 1237 797 1315 infamia
830 1237 975 1317 quis
1011 1243 1350 1318 corruptor
1389 1236 1771 1313 iuventutis,
1808 1237 1955 1317 quis
1998 1241 2358 1316 corruptus,
2404 1237 2551 1317 quis

247 1336 549 1416 perditus
580 1336 855 1400 inveniri
883 1343 1123 1417 potest,
1157 1345 1270 1417 qui
1299 1347 1368 1400 se
1398 1357 1549 1400 cum
1580 1336 1860 1400 Catilina
1889 1357 2021 1400 non
2051 1336 2550 1399 familiarissime

250 1435 492 1499 vixisse
534 1436 860 1499 fateatur?
944 1456 1112 1517 quae
1152 1436 1378 1500 caedes
1416 1457 1535 1516 per
1571 1437 1761 1500 hosce
1802 1446 2008 1499 annos
2045 1436 2183 1498 sine
2221 1435 2332 1499 illo
2370 1437 2549 1501 facta

248 1542 371 1612 est,
421 1535 603 1616 quod
646 1536 965 1599 nefarium
1008 1542 1309 1616 stuprum
1353 1546 1485 1599 non
1527 1556 1643 1617 per
1685 1536 1905 1598 illum?
1990 1536 2134 1598 Iam
2178 1545 2333 1599 vero
2376 1556 2545 1616 quae
2572 1538 2613 1600 8

248 1641 446 1699 tanta
479 1655 796 1715 umquam
827 1635 897 1697 in
928 1636 1060 1699 ullo
1091 1636 1453 1699 iuventutis
1486 1635 1807 1699 inlecebra
1837 1635 1984 1713 fuit,
2019 1641 2272 1716 quanta
2302 1636 2371 1698 in
2405 1636 2553 1700 illc-2?

155 1755 215 1796 20
248 1745 364 1815 qui
401 1735 564 1798 alios
599 1735 736 1815 ipse
773 1736 1041 1799 amabat
1075 1735 1466 1816 turpissime,
1506 1735 1778 1798 aliorum
1814 1744 2018 1799 amori
2054 1736 2550 1816 flagitiosissime

246 1835 598 1911 serviebat,
663 1835 804 1898 aliis
862 1836 1149 1899 fructum
1207 1835 1597 1912 lubidinum,
1660 1835 1801 1898 aliis
1859 1842 2138 1898 mortem
2195 1843 2545 1916 parentum

246 1944 383 1997 non
439 1934 638 1998 modo
692 1934 1077 2015 inpellendo,
1134 1945 1362 1998 verum
1414 1935 1616 1998 etiam
1670 1935 2047 1998 adiuvando
2097 1935 2548 2016 pollicebatur.

248 2035 443 2098 Nunc
488 2043 645 2097 vero
686 2054 885 2115 quam
925 2035 1145 2097 subito
1186 2044 1319 2097 non
1356 2035 1569 2097 solum
1609 2054 1693 2097 ex
1732 2036 1911 2112 urbe,
1956 2045 2186 2098 verum
2229 2035 2430 2098 etiarn
2472 2056 2555 2098 ex

248 2145 421 2215 agris
450 2127 455 2130 ’
491 2134 823 2214 ingentem
892 2154 1233 2198 numerum
1299 2135 1703 2216 perditorum
1771 2134 2108 2200 hominurn
2178 2135 2554 2215 collegerat!

157 2257 213 2297 25
248 2236 465 2298 Nemo
527 2245 658 2298 non
716 2235 912 2299 modo
971 2236 1242 2313 Romae,
1288 2236 1401 2298 sed
1459 2236 1592 2299 fillo
1650 2236 1717 2298 in
1776 2235 2012 2315 angulo
2071 2241 2275 2299 totius
2319 2228 2555 2299 Italiae

314 2417 359 2463 7.
399 2415 447 2458 8.
486 2413 710 2458 Aurelia
746 2415 863 2457 via:
936 2414 1022 2457 the
1057 2414 1177 2458 road
1214 2414 1361 2465 along

250 2481 339 2525 the
377 2484 501 2524 west
540 2484 677 2523 coast
713 2480 912 2532 leading
946 2481 1074 2523 from
1112 2481 1269 2524 Rome
1307 2485 1360 2523 to

251 2548 380 2597 Pisa.
422 2547 512 2591 the
551 2546 705 2591 direct
744 2550 888 2590 route
925 2550 981 2590 to
1019 2547 1233 2597 Etruria,
1274 2547 1361 2590 the

245 2614 368 2658 land
396 2618 543 2657 route
570 2616 625 2656 to
655 2613 885 2657 Massilia..
946 2613 1019 2657 ad
1044 2621 1360 2665 vesperam:

252 2682 344 2733 ‘by
379 2679 630 2731 eveningz’
671 2680 723 2722 in
762 2680 864 2723 this
901 2680 1080 2732 phrase
1116 2691 1360 2732 vesperum

253 2748 460 2800 (vesper)
491 2747 534 2789 is
561 2757 698 2790 more
726 2756 973 2791 common.
1030 2754 1153 2791 rem
1181 2747 1360 2798 pubii-

249 2822 405 2858 cam:
464 2813 529 2857 cf.
562 2813 603 2857 I.
637 2814 686 2856 1.
721 2815 794 2857 10.

314 2882 358 2931 9,
398 2882 473 2924 10.
508 2880 556 2923 ci
589 2879 845 2932 quidem:
908 2880 984 2923 ‘at
1013 2878 1138 2924 least
1170 2880 1243 2931 113
1273 2880 1360 2925 the

251 2947 578 2990 ‘restrictive'
619 2957 706 2990 use
745 2947 798 2989 ot
836 2946 1042 2999 quidm.
1114 2947 1358 2991 eiecerit:

248 3014 327 3057 i'or
362 3017 506 3057 tense
542 3024 622 3056 see
658 3024 723 3056 on
759 3013 801 3057 Ι.
838 3015 890 3057 2.
926 3016 1002 3057 22.
1070 3015 1361 3058 sentinam

1445 2414 1571 2477 Iarn
1609 2422 1764 2458 vcro:
1847 2415 1992 2464 ‘now,
2036 2413 2214 2465 against
2256 2414 2421 2457 marks
2463 2414 2550 2458 the

1446 2481 1708 2524 transition
1735 2485 1789 2524 to
1815 2492 1846 2523 a
1871 2492 1978 2524 new
2004 2481 2167 2533 poian
2194 2491 2249 2524 so
2274 2491 2405 2523 nunc
2429 2491 2551 2531 vero,

1446 2547 1481 2591 1.
1521 2550 1597 2592 23.
1667 2556 1811 2600 quac
1846 2548 2028 2599 tanta,
2104 2552 2220 2591 etc.:
2292 2558 2372 2590 see
2406 2558 2472 2590 on
2508 2547 2553 2591 Ι,

1511 2682 1586 2724 21.
1620 2680 1903 2726 tmctumz

1445 2747 1683 2792 fication.'

1511 2815 1584 2858 22.
1621 2822 1739 2858 non
1769 2814 1939 2859 modo
1972 2844 1987 2858 .
2022 2844 2037 2858 .
2071 2843 2087 2858 .
2117 2821 2322 2858 verum
2350 2814 2553 2858 ctiam:

1445 2892 1525 2924 see
1560 2891 1624 2923 on
1659 2882 1709 2924 8.
1744 2883 1789 2930 6,
1827 2880 1927 2923 and
1962 2882 2074 2932 give
2108 2881 2195 2923 the
2231 2879 2443 2923 formula
2477 2882 2554 2923 for

1448 2948 1549 2990 this
1565 2958 1784 2999 passage.
1827 2947 2002 2990 Notice
2022 2947 2107 2990 the
2125 2946 2486 2990 accumulation
2502 2948 2556 2990 oi?

1445 3014 1584 3057 these
1610 3014 1923 3057 correlatives
1952 3013 2005 3056 ln
2031 3014 2117 3056 the
2144 3017 2265 3057 next
2293 3014 2383 3056 few
2413 3013 2551 3058 lines.

1991 2681 2002 2698 ⁸
2012 2681 2335 2733 enjoyment,’
2382 2680 2393 2697 ⁸
2403 2682 2554 2731 grati-

253 3109 270 3123 .
300 3109 315 3124 .
348 3109 364 3124 .
391 3079 695 3124 exhausto:
748 3080 811 3125 ci.
839 3079 882 3124 1.
910 3082 959 3123 ⁸.
988 3082 1061 3131 27,
1093 3082 1168 3125 28,

317 3150 393 3190 12.
427 3147 581 3198 quis:
655 3146 805 3190 What
841 3146 885 3191 is
921 3147 1007 3190 the
1041 3157 1178 3191 more
1212 3148 1356 3191 usual

250 3213 502 3265 adjective
527 3214 684 3256 form?
1204 3234 1209 3241 ·

318 3283 393 3324 14.
429 3288 627 3331 nepos:
687 3279 1043 3333 ‘spendthrift.’

317 3348 391 3396 16,
440 3348 514 3391 17.
550 3346 648 3398 qui
694 3375 708 3391 .
752 3376 767 3391 .
811 3376 826 3391 .
866 3347 1141 3406 fateatur:
1219 3348 1357 3391 char-

250 3413 502 3457 acteristic
541 3413 640 3462 (see
672 3423 737 3456 on
771 3414 812 3458 Ι.
846 3416 897 3457 2.
932 3414 1037 3465 28),
1070 3425 1124 3457 so
1156 3415 1209 3458 in
1240 3415 1273 3459 1.
1308 3417 1353 3460 3.

251 3488 350 3532 por
374 3480 543 3524 hocca
569 3488 772 3524 annos:
822 3480 894 3524 ‘in
918 3480 984 3523 all
1007 3480 1147 3525 these
1169 3482 1355 3533 yearsz’

248 3548 326 3591 for
365 3547 452 3591 the
487 3557 576 3589 use
610 3548 664 3590 oi?
698 3557 783 3599 per
816 3546 915 3590 and
951 3558 1052 3592 acc.
1087 3548 1249 3591 where
1282 3559 1356 3591 we

251 3612 431 3657 should
462 3616 637 3665 expect
670 3617 724 3657 to
753 3613 857 3657 find
886 3614 973 3658 the
1002 3613 1101 3658 abl.
1131 3615 1184 3657 ot
1215 3615 1357 3658 ‘time

250 3680 425 3724 within
454 3680 639 3723 which'
667 3691 746 3724 see
774 3683 833 3725 A.
864 3683 969 3732 424,
1000 3692 1050 3732 a:
1079 3681 1138 3726 B.
1171 3683 1274 3731 181.
1307 3684 1356 3731 2:

253 3747 318 3791 H.
361 3750 468 3798 417,
501 3749 548 3796 1:
589 3747 738 3792 H.-B.
777 3750 884 3799 387,
927 3748 996 3798 ΙΙ,
1039 3758 1086 3793 a.
1167 3748 1356 3793 hocce:

250 3814 328 3857 i'or
355 3815 442 3858 the
472 3815 600 3857 form
628 3825 708 3857 see
735 3825 800 3857 on
829 3815 869 3859 1.
902 3816 981 3858 18.
1011 3817 1087 3859 23.

317 3882 391 3926 18.
428 3889 525 3934 per
575 3879 767 3926 mumz

1509 3082 1585 3123 23.
1620 3082 1780 3124 Nunc
1799 3087 1955 3124 vcro}
2013 3091 2093 3123 see
2112 3080 2286 3130 above,
2316 3079 2351 3122 1.
2384 3081 2456 3124 18.

1508 3150 1583 3199 25,
1625 3150 1701 3191 26.
1737 3148 1913 3190 Nemo
1952 3155 2070 3190 non
2111 3146 2281 3191 modo
2318 3146 2548 3198 Romae.

1444 3214 1557 3266 scd.
1593 3218 1707 3258 etc.:
1777 3213 1938 3257 ‘there
1970 3225 2071 3257 was
2106 3223 2171 3256 no
2205 3223 2311 3263 one.
2350 3213 2373 3255 1
2407 3213 2550 3256 don’t

1443 3293 1533 3334 say
1563 3285 1616 3324 at
1648 3281 1819 3330 Rome,
1853 3280 1945 3324 but
1991 3280 2058 3330 ln,
2082 3281 2195 3324 etc!
2259 3278 2411 3323 Nemo
2440 3290 2555 3330 goes

1441 3348 1564 3392 with
1605 3348 1728 3391 both
1772 3347 1976 3390 clauses.
2053 3347 2142 3391 See
2184 3357 2250 3389 on
2292 3347 2333 3390 1.
2379 3347 2458 3389 10.
2502 3348 2555 3390 5.

1443 3415 1547 3458 The
1590 3414 1802 3458 formula
1846 3415 1922 3457 for
1968 3414 2106 3457 these
2152 3412 2464 3456 correlatives
2513 3413 2557 3455 is

1440 3481 1598 3525 either
1624 3481 1769 3531 a÷B
1798 3491 1853 3524 or
1882 3480 2053 3530 A-i-b:
2081 3479 2241 3523 which
2274 3478 2416 3523 here?

1505 3547 1722 3600 Explain
1767 3547 1856 3591 the
1900 3546 2245 3597 subjunctives
2288 3545 2551 3589 videretis

1447 3615 1535 3665 (2),
1571 3615 1737 3666 putet
1778 3615 1865 3664 (4),
1903 3613 2220 3664 conceperit
2260 3612 2378 3662 (12),
2413 3610 2553 3654 ratc-

1442 3682 1574 3726 atut
1615 3682 1733 3731 (17),
1771 3680 2033 3724 asciverit
2075 3680 2199 3729 (27):
2235 3678 2320 3729 the
2356 3688 2466 3720 case
2498 3678 2552 3738 ot

1441 3741 1713 3792 desiderio
1760 3747 1848 3797 (6),
1893 3747 1988 3789 via
2035 3747 2122 3796 (7),
2172 3743 2412 3788 catilina
2460 3744 2549 3794 (9),

1442 3814 1579 3857 mali
1606 3814 1724 3864 (11),
1746 3812 1915 3857 Italia
1940 3812 2062 3862 (12),
2085 3811 2401 3855 iuventutis
2429 3809 2549 3861 (15).

868 3881 957 3935 ‘by
1007 3881 1085 3925 his
1134 3881 1355 3935 agency.’
1393 3873 1403 3922 Ι
1441 3881 1653 3925 Romae
1686 3882 1807 3931 (25).
