2913 4338
299 275 423 339 206
1043 276 1150 333 DE
1208 276 1533 334 IMPERIO
1586 277 1706 335 CN.
1760 277 2046 334 POMPEI

300 469 367 515 25
397 452 789 531 timuissent,
845 452 1133 517 hostium
1188 463 1344 534 opes
1397 453 1729 534 animique
1782 455 2156 531 crevissent,
2212 456 2375 520 satis
2430 456 2709 521 firmum

395 553 789 634 praesidium
832 552 1167 634 provincia
1202 563 1334 616 non
1368 551 1660 630 haberet,
1697 553 2076 617 amisissetis
2104 554 2349 631 Asiam,
2388 556 2708 633 QuiriteS‚

396 651 520 715 nisi
553 651 637 715 ad
669 652 883 732 ipsum
917 651 1261 715 discrimen
1290 651 1430 715 eius
1463 651 1775 734 temporis
1807 651 2126 717 divinitus
2178 654 2286 719 Cn„
2306 653 2709 735 Pompeium

300 829 306 835 .
397 751 483 816 ad
520 759 632 815 eas
667 751 960 832 regiones
996 751 1264 815 fortuna
1297 751 1527 833 populi
1564 753 1851 816 Romani
1888 753 2239 817 attulisset.
2327 752 2546 817 Huius
2588 755 2713 819 ad·-

395 858 635 916 ventus
663 857 736 915 et
767 851 1214 915 Mithridatem
1246 850 1512 917 insolita
1540 852 2027 916 inflammatum
2059 852 2336 918 victoria
2366 854 2711 919 continuit

296 969 362 1013 so
392 958 462 1016 et
502 953 846 1032 Tigranem
891 960 1142 1031 magnis
1186 950 1386 1033 copiis
1429 950 1847 1015 minitantem
1890 952 2083 1015 Asiae
2124 952 2510 1017 retardavit.
2609 953 2710 1018 Et

394 1052 740 1133 quisquam
775 1050 1128 1126 dubitabit,
1165 1050 1325 1133 quid
1360 1050 1608 1114 virtute
1654 1052 2061 1131 perfecturus
2108 1051 2217 1130 sit,
2265 1060 2382 1133 qui
2427 1057 2711 1117 tantum

395 1151 790 1215 auctoritate
827 1150 1188 1233 perfecerit,
1229 1155 1350 1214 aut
1384 1170 1589 1233 quam
1627 1150 1815 1215 facile
1852 1150 2127 1233 imperio
2164 1157 2366 1234 atque
2402 1152 2710 1218 exercitii

392 1251 599 1315 socios
655 1256 728 1314 et
784 1249 1130 1330 vectigalia
1190 1256 1693 1314 conservaturus
1750 1249 1857 1327 sit,
1920 1259 2036 1333 qui
2092 1250 2238 1332 ipso
2294 1253 2562 1317 nomine
2620 1273 2710 1319 ac

394 1359 649 1414 rumore
678 1349 1078 1416 defenderit?

475 1451 582 1515 16.
628 1450 766 1530 Age
819 1459 974 1513 vero
1027 1448 1138 1513 illa
1190 1460 1292 1513 res
1345 1456 1667 1532 quantam
1722 1450 2012 1516 declarat
2066 1450 2355 1516 eiusdem
2409 1452 2704 1518 hominis
2720 1453 2803 1518 46

394 1550 570 1630 apud
613 1550 834 1613 hostes
872 1549 1101 1631 populi
1143 1551 1428 1640 Romani
1472 1550 1956 1628 auctoritatem,
2002 1551 2183 1631 quod
2223 1570 2310 1614 ex
2349 1551 2508 1616 locis
2551 1559 2701 1616 tam

391 1648 761 1731 longinquis
800 1654 1071 1731 tamque
1111 1648 1383 1712 diversis
1422 1655 1564 1713 tam
1605 1651 1791 1714 brevi
1830 1656 2126 1730 tempore
2164 1661 2393 1717 omnes
2431 1651 2584 1716 huic
2625 1661 2704 1716 se

392 1757 509 1812 fini
547 1747 962 1813 dediderunt!
1006 1749 1186 1830 quod
1221 1749 1626 1813 Cretensium
1664 1749 1881 1829 legati,
1922 1769 2075 1814 cum
2111 1749 2181 1812 in
2218 1759 2443 1814 eorum
2481 1751 2703 1815 insula

327 1864 361 1910 ε
392 1853 617 1912 noster
673 1846 1029 1930 imperator
1087 1847 1539 1929 exercitusque
1597 1854 1787 1925 esset,
1851 1848 1938 1912 ad
1996 1849 2105 1913 Cn
2179 1850 2567 1930 Pompeium
2626 1849 2702 1914 in

394 1947 660 2011 ultimas
717 1967 921 2030 prope
979 1953 1188 2011 terras
1246 1953 1568 2011 venerunt
1623 1941 1814 2030 eique
1872 1958 1942 2013 se
2000 1958 2229 2013 omnes
2286 1951 2699 2013 Cretensium

392 2046 520 2112 civi
528 2054 698 2112 tates
738 2046 973 2112 dedere
1014 2046 1180 2112 velle
1222 2046 1554 2112 dixerunt!
1639 2047 1851 2124 Quid?
1890 2047 2067 2111 idem
2109 2048 2235 2113 iste
2277 2048 2700 2115 Mithridates

391 2156 607 2211 nonne
639 2147 725 2212 ad
755 2147 1037 2212 eundem
1069 2148 1185 2212 Cn.
1219 2146 1605 2229 Pompeium
1637 2146 1928 2228 legatum
1959 2156 2166 2230 sisque
2199 2149 2266 2213 in
2301 2149 2697 2232 Hispaniam

393 2249 607 2312 misit?
627 2267 799 2324 eum,
823 2266 1022 2330 quem
1042 2247 1394 2329 Pompeius
1412 2246 1703 2327 legatum
1724 2267 1980 2329 semper
1999 2248 2339 2326 iudicavit,
2360 2247 2428 2328 ii,
2451 2248 2699 2332 quibus

295 2364 358 2410 ιο
389 2353 531 2412 erat
566 2347 913 2412 molestum
952 2347 1038 2411 ad
1071 2337 1223 2410 eum
1255 2344 1673 2428 potissimum
1708 2366 1847 2411 esse
1882 2347 2175 2425 missum,
2212 2348 2695 2429 speculatorem

391 2467 589 2527 quam
640 2448 928 2527 legatum
977 2446 1250 2510 iudicari
1296 2447 1691 2514 maluerunt.
1780 2448 2065 2514 Potestis
2112 2449 2317 2531 igitur
2362 2449 2498 2515 iam
2567 2458 2718 2514 con·

449 2607 524 2656 27.
545 2608 622 2651 28.
655 2605 728 2651 ad
762 2635 780 2651 .
815 2634 833 2650 .
867 2634 884 2651 .
917 2606 1211 2658 tempori-z
1276 2604 1402 2658 ‘Just
1435 2610 1490 2650 at

1642 2607 1753 2651 7-9.
1785 2605 2147 2651 :anthr-maten
2173 2635 2190 2652 .
2217 2636 2233 2651 .
2260 2637 2276 2653 .
2297 2607 2562 2660 legatum
2585 2636 2604 2655 ο
2627 2637 2645 2653 .
2671 2627 2713 2654 .·

385 2670 473 2716 the
502 2671 715 2717 decisive
743 2676 965 2717 moment
998 2672 1051 2716 oi
1081 2671 1193 2717 that
1225 2670 1383 2723 time,’
1414 2671 1492 2717 ‘in
1578 2673 1762 2717 mitite
1790 2673 2002 2724 nothing
2013 2673 2151 2718 more
2164 2673 2207 2717 is
2223 2674 2405 2718 known
2420 2674 2691 2728 positively

383 2738 472 2783 the
506 2749 627 2791 very
662 2740 777 2785 nick
813 2738 866 2782 oi
902 2736 1060 2784 time!
1125 2737 1223 2784 adt
1288 2740 1378 2783 not
1413 2737 1488 2790 in,

384 2813 592 2850 because
614 2805 835 2858 Pompey
855 2816 957 2849 was
977 2808 1087 2849 sent
1108 2804 1229 2859 only
1252 2805 1382 2849 ‘into
1400 2803 1491 2849 the

381 2871 591 2924 vicinity
615 2872 669 2915 oi
695 2870 836 2915 those
859 2871 1088 2924 regions?

445 2940 616 2983 30-32.
653 2939 722 2982 Et
739 2940 1045 2990 quitquam
1062 2937 1374 2983 dubitabit‘:
1390 2949 1472 2982 see

379 3013 448 3047 on
479 3004 540 3047 Et
568 3006 819 3057 quisquam
850 3005 1096 3055 dubitabit.
1129 3006 1211 3049 14.
1238 3007 1317 3049 30.
1378 3005 1489 3048 vir·

382 3070 533 3115 tute:
589 3072 642 3114 in
669 3072 737 3115 its
766 3071 998 3116 broadest
1027 3082 1181 3122 sense.
1212 3082 1269 3115 as
1295 3070 1489 3114 includ-

378 3135 466 3188 ing
506 3136 570 3180 all
612 3137 698 3181 the
741 3137 970 3187 qualities
1011 3137 1243 3189 befitting
1281 3148 1313 3181 a
1353 3148 1488 3180 com-

380 3202 586 3246 mander
627 3206 726 3252 (see
760 3215 826 3247 on
863 3204 945 3248 18.
984 3204 1051 3255 1).
1120 3204 1486 3252 auctoritate:

384 3269 535 3312 'mere
583 3270 857 3320 influence.'
899 3270 952 3314 in
994 3269 1256 3314 antithesis
1298 3277 1352 3313 to
1389 3271 1487 3313 mr-

378 3333 497 3382 tute.

447 3470 530 3516 1⁸.
562 3471 667 3513 1-4.
703 3469 842 3521 Aget
899 3470 977 3513 for
1004 3480 1092 3514 use
1119 3480 1200 3514 see
1228 3481 1294 3513 on
1324 3471 1405 3514 14.
1440 3472 1482 3514 1.

378 3534 534 3587 apud
577 3535 790 3580 hostem
877 3538 1093 3581 connect
1136 3536 1319 3588 closely
1360 3536 1483 3580 with

378 3601 716 3648 auctoritatem.
781 3601 934 3653 quod
968 3631 985 3647 .
1020 3630 1038 3646 .
1072 3630 1089 3647 .
1122 3601 1482 3648 dediderunt:

377 3668 657 3722 appositive
674 3672 731 3712 to
757 3669 852 3712 iata
878 3679 954 3713 res
983 3670 1070 3725 (ci.
1100 3669 1201 3720 ina.
1244 3670 1288 3715 Ι.
1319 3670 1369 3714 1.
1399 3672 1484 3721 21:

376 3734 513 3786 illud,
546 3735 615 3781 ΙΙ.
648 3738 696 3781 7.
721 3738 791 3786 19,
823 3737 965 3787 etc.);
992 3737 1190 3788 eoquod
1215 3781 1220 3786 ,
1263 3768 1277 3782 .
1310 3768 1323 3781 .
1352 3737 1483 3780 dixe·

375 3803 502 3846 runt.
567 3803 821 3846 diversio:
879 3814 934 3846 as
975 3802 1027 3845 in
1070 3803 1121 3846 4.
1148 3803 1198 3847 8.
1262 3802 1483 3845 creton-

377 3873 554 3915 tium:
601 3880 680 3913 see
704 3880 769 3912 on
794 3870 874 3914 19..
902 3872 976 3913 42.

1576 2738 1732 2783 about
1764 2738 1867 2783 this
1896 2738 2132 2791 incident,
2167 2740 2259 2784 but
2292 2741 2333 2785 it
2365 2740 2409 2784 is
2439 2741 2689 2795 probably

1574 2803 1727 2848 much
1750 2805 2158 2858 misrepresented
2184 2806 2256 2859 by
2283 2807 2466 2853 fflcero.
2523 2817 2688 2855 eumz

1576 2872 1813 2923 referring
1836 2876 1890 2915 to
1917 2872 2120 2925 wantum
2146 2874 2424 2926 preceding.
2484 2883 2688 2927 quemz

1574 2937 1769 2990 subject
1798 2938 1852 2982 oi
1879 2950 1979 2982 csse
2007 2939 2311 2984 understood
2341 2940 2441 2984 and
2470 2942 2525 2984 ot
2551 2942 2685 2987 iudi-

1573 3005 1691 3056 cari.
1719 3005 1755 3050 1.
1788 3007 1863 3050 11.

1641 3074 1714 3115 10.
1747 3071 1821 3117 ad
1850 3081 1986 3117 cum
2015 3073 2408 3126 potinnmumt
2468 3075 2546 3119 ‘to
2574 3073 2682 3119 him

1572 3137 1741 3181 rather
1769 3140 1893 3183 than
1920 3142 1977 3183 to
2006 3151 2106 3192 any
2136 3150 2232 3185 one
2258 3140 2390 3192 else.'
2418 3141 2539 3185 with
2567 3152 2682 3195 par-

1573 3204 1751 3248 ticular
1772 3207 2017 3249 reference
2042 3209 2097 3250 to
2124 3206 2349 3251 Metellus
2375 3208 2505 3258 Pius.
2533 3208 2681 3252 Pom-

1573 3272 1711 3322 pey's
1744 3272 2056 3323 predecessor
2093 3272 2194 3316 and
2229 3274 2470 3318 associate
2502 3275 2556 3318 in
2591 3274 2681 3319 the

1570 3337 1820 3381 Sertorian
1846 3350 1948 3381 war
1980 3341 2079 3389 (see
2106 3351 2171 3383 on
2198 3339 2248 3383 4.
2279 3341 2470 3392 11-13).
2498 3340 2610 3384 who
2635 3342 2680 3384 is

1571 3404 1813 3456 probably
1830 3404 2009 3459 ‚hinted
2034 3410 2087 3450 at
2112 3406 2166 3450 in
2188 3406 2231 3449 ii
2252 3407 2437 3459 quibus.
2484 3415 2679 3459 specu-

1569 3470 1833 3515 latorem:
1902 3471 1942 3516 it
1979 3471 2070 3515 has
2105 3472 2231 3516 been
2266 3473 2527 3525 suggested
2562 3473 2676 3518 that

1571 3537 1655 3580 the
1690 3548 1783 3589 spy
1816 3548 1936 3590 may
1970 3538 2100 3582 have
2132 3539 2447 3591 represented
2479 3539 2678 3584 himself

1569 3615 1623 3645 as
1661 3602 1848 3654 having
1884 3615 1914 3647 a
1952 3615 2173 3655 message
2210 3606 2287 3649 ior
2326 3606 2561 3658 Pompey,
2600 3607 2676 3650 in·

1569 3669 1709 3713 stead
1733 3672 1786 3714 oi
1808 3671 1885 3713 ior
1908 3670 2168 3722 Sertorius,
2194 3671 2315 3715 with
2338 3672 2502 3715 whom
2527 3672 2674 3716 Mith-

1569 3737 1752 3780 ridates
1793 3748 1895 3779 was
1934 3736 1988 3780 in
2028 3736 2216 3788 league.
2261 3749 2291 3781 a
2333 3742 2473 3791 story
2516 3737 2674 3783 which

1571 3803 1831 3854 Pompey’s
1864 3803 2037 3855 vanity
2065 3803 2228 3847 would
2256 3803 2410 3856 easily
2436 3804 2568 3848 have
2591 3801 2673 3850 led

1568 3868 1670 3912 him
1693 3872 1748 3912 to
1770 3869 1975 3914 believe.
