2913 4338
256 325 266 337 .
313 283 439 345 350
1127 287 1539 342 EPISTOLAE
1598 287 1971 343 SELECTAE

413 457 656 539 oppido
692 468 903 539 pauci.
993 458 1119 523 Sed
1157 459 1314 522 haec
1354 461 1606 525 minora
1643 468 1814 525 sunt.
1904 463 2003 524 Tu
2040 461 2218 553 quod
2256 472 2357 527 me
2389 464 2645 541 hortaris,
2666 471 2713 530 5

413 565 491 622 ut
528 558 745 620 animo
778 558 899 621 sim
937 568 1173 638 magno
1206 565 1275 622 et
1309 580 1489 639 spem
1527 560 1804 623 habeam
1838 561 2314 641 recuperandae
2346 563 2563 639 salutis,
2594 564 2651 626 id

411 657 607 723 velim
662 659 748 721 sit
800 658 1134 736 eiusmodi,
1192 664 1269 721 ut
1319 666 1495 725 recte
1547 670 1804 740 sperare
1835 670 2175 742 possimne.
2268 662 2447 725 Nunc
2493 663 2652 726 miser

411 758 678 842 quando
737 765 887 821 tuas
943 759 1073 821 iam
1132 759 1383 822 litteras
1442 760 1794 841 accipiam?
1877 761 2024 841 quis
2081 762 2165 823 ad
2223 771 2329 825 me
2382 763 2650 843 perferet?

316 882 381 924 ιο
412 871 577 942 quas
618 879 736 939 ego
778 865 1253 938 exspectassem
1298 860 1644 937 Brundisii,
1689 869 1744 922 si
1783 867 1952 923 esset
1992 860 2243 924 licitum
2283 882 2401 942 per
2439 869 2646 938 nautis,

411 970 526 1043 qui
584 950 1046 1039 tempestatem
1103 961 1621 1038 praetermittere
1679 961 2044 1023 noluerunt.
2133 961 2324 1039 Quod
2382 962 2653 1042 reliquum

410 1067 530 1137 est,
573 1065 872 1122 sustenta
946 1064 1032 1135 te,
1074 1079 1220 1121 mea
1255 1059 1578 1135 Terentia,
1620 1065 1697 1122 ut
1732 1067 1939 1140 potes
2030 1061 2496 1125 Honestissime
2528 1062 2662 1123 vixi-

411 1181 577 1236 mus,
629 1159 989 1223 floruimus:
1035 1167 1166 1221 non
1211 1159 1447 1220 vitium
1495 1165 1811 1236 nostrum,
1859 1160 1973 1222 sed
2019 1161 2228 1223 virttis
2296 1167 2512 1224 nostra
2564 1171 2664 1223 nos

412 1260 646 1324 afflixit
655 1279 671 1336 ;
707 1265 1050 1339 peccatum
1085 1264 1186 1321 est
1221 1259 1491 1335 nullum,
1530 1259 1650 1321 nisi
1685 1260 1862 1339 quod
1897 1270 2027 1322 non
2063 1269 2197 1323 sina
2231 1261 2510 1323 animam
2540 1281 2666 1324 cum

316 1381 380 1425 45
412 1365 813 1424 ornamentis
855 1359 1214 1435 amisimus5
1256 1358 1388 1435 sed,
1432 1367 1489 1420 si
1529 1359 1649 1423 hoc
1692 1359 1818 1422 fuit
1858 1359 2075 1422 liberis
2135 1366 2376 1423 nostris
2436 1362 2665 1438 gratius,

412 1470 531 1523 nos
590 1467 829 1534 vivere,
892 1465 1124 1534 cetera,
1187 1478 1589 1538 quamquam
1649 1459 1915 1522 ferenda
1972 1468 2103 1522 non
2161 1466 2337 1550 sunt,
2402 1462 2669 1523 feramus,

413 1561 618 1640 Atqui
667 1579 805 1637 ego,
857 1567 973 1637 qui
1022 1563 1090 1623 te
1141 1558 1473 1634 confirmo,
1526 1559 1665 1638 ipse
1697 1569 1802 1622 me
1850 1568 1982 1622 non
2030 1580 2315 1640 possum.
2406 1560 2670 1623 Clodium
2689 1564 2730 1623 6

413 1659 872 1734 Philetaerum‚
903 1657 1080 1737 quod
1101 1658 1473 1722 valetudine
1499 1659 1832 1722 oculorum
1859 1658 2357 1739 impediebatur,
2381 1660 2679 1723 hominem

411 1759 688 1834 fidelem,
744 1767 979 1820 remisi.
1069 1757 1412 1820 Sallustius
1465 1758 1675 1821 officio
1728 1759 1933 1822 vincit
1985 1771 2225 1824 omnes
2317 1760 2681 1822 Pescennius

316 1880 380 1922 50
410 1866 511 1922 est
549 1858 1020 1939 perbenevolus
1057 1858 1261 1932 nobiS,
1302 1877 1498 1937 quem
1536 1878 1789 1938 semper
1823 1868 2010 1938 spero
2048 1865 2146 1920 tui
2183 1859 2320 1922 fore
2358 1861 2682 1923 observan-

411 1964 566 2022 tem.
617 1944 622 1949 ’
659 1959 839 2021 Sicca
890 1957 1145 2020 dixerat
1193 1966 1262 2019 se
1312 1967 1567 2019 mecum
1619 1958 1772 2033 fore,
1825 1958 1939 2020 sed
1991 1958 2339 2021 Brundisio
2392 1959 2677 2021 discessit.

410 2060 600 2134 Cura,
641 2058 859 2139 quoad
892 2064 1098 2138 poteS,
1137 2062 1214 2119 ut
1249 2057 1468 2119 valeas
1502 2063 1569 2119 et
1603 2067 1692 2120 sic
1727 2058 2076 2134 existimeS,
2117 2068 2220 2121 me
2256 2058 2683 2120 vehementius

408 2166 528 2222 tua
579 2159 835 2221 miseria
881 2178 1080 2238 quam
1129 2166 1275 2220 mea
1322 2166 1733 2220 commoveri.
1824 2157 1969 2220 Mea
2014 2158 2348 2233 Terentia,·
2391 2158 2685 2220 fidissima

411 2266 611 2339 atque
632 2259 884 2338 optima
907 2278 1089 2333 uxor,
1113 2264 1181 2319 et
1202 2277 1347 2319 mea
1369 2257 1698 2319 carissima
1718 2257 1918 2320 filiola
1937 2264 2005 2320 ct
2026 2268 2171 2338 spes
2192 2258 2443 2338 reliqua
2464 2264 2682 2332 nostra,

314 2380 378 2423 55
410 2359 649 2433 Cicero,
682 2357 912 2420 valete.
1004 2358 1102 2418 Pr.
1139 2357 1221 2417 K.
1255 2356 1401 2418 Mai.
1435 2356 1797 2419 Brundisio.

476 2536 646 2576 36-41.
684 2532 835 2585 quod
872 2562 886 2576 .
924 2562 937 2575 .
979 2562 991 2575 .
1026 2532 1289 2575 hortaris:
1356 2532 1430 2575 ‘as
1463 2536 1516 2575 to
1668 2534 2171 2585 44-46.n181quod:
2221 2533 2354 2577 what
2382 2536 2423 2577 is
2448 2534 2564 2576 nisi?
2620 2533 2686 2576 Cf.

412 2601 543 2643 what
581 2611 679 2651 you
718 2600 856 2649 urge’
898 2599 979 2648 (ct.
1013 2600 1137 2650 quod
1168 2599 1401 2650 reliquum
1434 2600 1512 2649 est,
1605 2600 1696 2651 Ep.
1720 2600 1769 2642 4.
1796 2603 1837 2643 1.
1895 2601 2269 2643 ornamentis:
2316 2601 2541 2644 ‘honora’
2592 2607 2688 2642 not

405 2666 443 2710 1.
482 2669 554 2716 41,
594 2665 694 2709 and
734 2665 803 2708 11.
842 2666 920 2708 12.
960 2665 1055 2715 18).
1124 2664 1253 2707 Such
1287 2676 1319 2707 a
1352 2664 1516 2708 clause
1602 2666 1813 2709 vivero:
1905 2667 2181 2718 appositive
2229 2672 2284 2709 to
2332 2667 2434 2710 hoc.
2509 2674 2688 2718 quam·

405 2734 452 2776 is
476 2732 758 2783 commonly
787 2730 907 2774 used
932 2731 983 2773 in
1008 2731 1145 2774 these
1168 2730 1339 2774 letters
1363 2735 1416 2774 to
1441 2733 1515 2774 in-
1604 2740 1778 2784 quam
1810 2762 1823 2775 .
1857 2763 1872 2776 .
1904 2762 1918 2775 .
1945 2731 2219 2777 teramus:
2275 2734 2341 2777 cf.
2372 2733 2414 2777 1.
2447 2736 2493 2778 ’1.
2518 2735 2589 2782 30,
2617 2734 2687 2775 31.

408 2800 615 2842 troduce
648 2810 677 2841 a
711 2798 846 2849 topic
881 2796 1162 2840 mentioned
1196 2797 1263 2849 by
1296 2809 1325 2839 a
1358 2807 1514 2841 corre-
1667 2799 1835 2843 47—55.
1873 2798 2128 2843 Clodium
2161 2799 2553 2851 rhilotaerum‚
2589 2796 2688 2842 8⁸1·

408 2865 671 2918 spondent..
742 2863 917 2907 velim
954 2864 1052 2907 sit:
1129 2865 1223 2907 For
1258 2865 1396 2907 velim
1433 2876 1512 2907 see
1601 2864 1825 2917 Iustius,
1838 2865 2194 2909 Pescennius:
2211 2865 2687 2909 freedmenorclients

412 2934 472 2975 A.
505 2935 609 2983 447,
646 2935 693 2981 1;
725 2932 784 2975 Β.
819 2933 925 2981 280,
960 2934 1002 2981 2,
1036 2941 1087 2980 a:
1118 2932 1184 2975 H.
1216 2934 1329 2981 556;
1361 2932 1509 2975 H.-B.
1602 2933 1653 2974 of
1685 2933 1864 2975 Cicero.
1929 2931 2281 2977 valetudine:
2348 2945 2378 2976 a
2414 2944 2497 2976 voa:
2527 2932 2687 2974 media:

411 3001 517 3048 519,
562 3002 601 3048 1.
642 2999 691 3043 b.
766 3000 860 3042 For
899 2998 961 3041 sit
999 3010 1077 3042 see
1114 3001 1174 3043 A.
1213 3002 1318 3050 442,
1358 2999 1412 3048 b:
1452 2999 1510 3042 B.
1602 2998 1733 3042 what
1759 2999 1900 3042 here?
1954 3000 2167 3043 rom-1⁸1:
2218 3004 2271 3043 to
2301 3000 2475 3044 Rome.
2529 2999 2684 3041 Sicca:

411 3067 518 3115 296,
545 3066 675 3116 1;H.
698 3067 805 3116 558.
832 3070 880 3114 4:
904 3067 1178 3116 H.-B.511,
1202 3068 1247 3111 2.
1297 3075 1512 3117 exspec-
1602 3071 1653 3109 at
1695 3066 1858 3110 whose
1897 3065 2050 3110 house
2090 3066 2152 3110 he
2195 3066 2294 3109 had
2339 3065 2543 3119 stoppcd
2583 3072 2685 3106 near

411 3132 623 3176 tamem
692 3134 1343 3185 Bnmdi⁸u=exspedarem
1416 3134 1511 3182 hic:
1604 3133 1742 3176 Vibo.
1799 3134 1939 3177 cura
1966 3134 2034 3177 ut
2063 3133 2274 3177 valeat:
2332 3135 2394 3176 cf.
2424 3134 2499 3184 fac
2524 3130 2687 3177 venias.

410 3199 488 3241 tor
526 3204 661 3243 tense
695 3212 773 3244 see
813 3201 874 3244 R.
901 3201 953 3245 C.
998 3200 1100 3251 515,
1139 3201 1239 3244 and
1271 3202 1334 3245 ct.
1365 3200 1399 3244 1.
1438 3203 1512 3244 16.
1602 3201 1635 3243 1.
1672 3202 1745 3249 22.
1782 3199 1882 3243 and
1916 3205 2049 3244 note.
2116 3201 2218 3243 tio:
2290 3200 2580 3252 anticipates
2609 3200 2683 3238 tne

412 3266 556 3309 occet
584 3266 836 3312 uoltumz
896 3267 980 3310 the
1009 3267 1317 3318 alternative,
1352 3268 1515 3310 ‘semi-
1602 3267 1845 3310 infinitivo
1900 3266 2062 3310 clause
2124 3267 2205 3315 (cf.
2267 3267 2332 3309 M.
2356 3268 2409 3309 L.
2467 3266 2542 3308 10.
2599 3260 2684 3310 11).
2729 3317 2736 3328 ‚

412 3331 696 3383 deponent,'
754 3335 879 3376 form
934 3335 1009 3376 for
1064 3334 1287 3377 licuisset.
1375 3335 1516 3377 tem-
1603 3334 1690 3377 Pr.
1720 3333 1815 3377 K:
1869 3333 1954 3377 the
1981 3334 2174 3384 regular
2201 3333 2557 3376 abbreviation:
2607 3337 2685 3370 no-

413 3400 716 3448 natatem:
784 3411 814 3443 a
849 3411 936 3444 voa:
969 3401 1143 3442 media.
1213 3411 1291 3443 see
1325 3411 1390 3443 on
1426 3400 1512 3443 IV.
1605 3400 1698 3443 tice
1728 3400 1871 3450 again
1902 3399 1987 3442 the
2015 3399 2251 3450 irregular
2280 3398 2554 3450 expression
2582 3393 2680 3437 sub-

414 3465 463 3507 6.
490 3467 571 3513 35;
600 3465 731 3509 what
760 3465 881 3509 kind
907 3466 958 3509 oi
984 3465 1197 3509 weather
1222 3466 1365 3510 here?
1604 3465 1813 3509 stituted
1841 3466 1916 3509 ior
1943 3466 1983 3508 it
2012 3465 2063 3510 in
2090 3466 2124 3511 l.
2157 3467 2232 3513 17.

2802 3241 2829 3366 *ἐπ
