<?xml version="1.0" encoding="UTF-8"?>
<!DOCTYPE html PUBLIC "-//W3C//DTD XHTML 1.0 Transitional//EN"
    "http://www.w3.org/TR/xhtml1/DTD/xhtml1-transitional.dtd">
<html xmlns="http://www.w3.org/1999/xhtml" xml:lang="en" lang="en">
 <head>
  <title>
</title>
<meta http-equiv="Content-Type" content="text/html;charset=utf-8" />
  <meta name='ocr-system' content='tesseract 3.04.00' />
  <meta name='ocr-capabilities' content='ocr_page ocr_carea ocr_par ocr_line ocrx_word'/>
</head>
<body>
  <div class='ocr_page' id='page_1' title='image "./selectedoration00kinggoog_0415.png"; bbox 0 0 2913 4338; ppageno 0'>
   <div class='ocr_carea' id='block_1_1' title="bbox 1072 301 2522 370">
    <p class='ocr_par' dir='ltr' id='par_1_1' title="bbox 1072 301 2522 370">
     <span class='ocr_line' id='line_1_1' title="bbox 1072 301 2522 370; baseline 0.006 -11"><span class='ocrx_word' id='word_1_1' title='bbox 1072 304 1227 360; x_wconf 84' lang='lat' dir='ltr'>cAP.</span> <span class='ocrx_word' id='word_1_2' title='bbox 1272 307 1446 360; x_wconf 88' lang='lat'>20-21</span> <span class='ocrx_word' id='word_1_3' title='bbox 2406 301 2522 370; x_wconf 59' lang='lat'>388</span> 
     </span>
    </p>
   </div>
   <div class='ocr_carea' id='block_1_2' title="bbox 60 477 2435 2661">
    <p class='ocr_par' dir='ltr' id='par_1_2' title="bbox 136 477 2431 559">
     <span class='ocr_line' id='line_1_2' title="bbox 136 477 2431 559; baseline 0.001 -16"><span class='ocrx_word' id='word_1_4' title='bbox 136 479 257 543; x_wconf 93' lang='lat' dir='ltr'>bus</span> <span class='ocrx_word' id='word_1_5' title='bbox 308 478 766 559; x_wconf 78' lang='lat' dir='ltr'>coaequandiS,</span> <span class='ocrx_word' id='word_1_6' title='bbox 822 479 1008 542; x_wconf 89' lang='lat' dir='ltr'>nobis</span> <span class='ocrx_word' id='word_1_7' title='bbox 1057 499 1194 542; x_wconf 92' lang='lat' dir='ltr'>rem</span> <span class='ocrx_word' id='word_1_8' title='bbox 1247 477 1631 544; x_wconf 67' lang='lat' dir='ltr'>familiarem</span> <span class='ocrx_word' id='word_1_9' title='bbox 1683 479 1883 544; x_wconf 88' lang='lat' dir='ltr'>etiam</span> <span class='ocrx_word' id='word_1_10' title='bbox 1937 480 2022 543; x_wconf 91' lang='lat' dir='ltr'>ad</span> <span class='ocrx_word' id='word_1_11' title='bbox 2072 480 2431 545; x_wconf 76' lang='lat' dir='ltr'>necessaria</span> 
     </span>
    </p>

    <p class='ocr_par' dir='ltr' id='par_1_3' title="bbox 60 577 2431 759">
     <span class='ocr_line' id='line_1_3' title="bbox 137 577 2429 660; baseline 0 -20"><span class='ocrx_word' id='word_1_12' title='bbox 137 578 391 641; x_wconf 77' lang='lat' dir='ltr'>deesse?</span> <span class='ocrx_word' id='word_1_13' title='bbox 480 577 635 640; x_wconf 93' lang='lat' dir='ltr'>Illos</span> <span class='ocrx_word' id='word_1_14' title='bbox 661 579 849 641; x_wconf 75' lang='lat' dir='ltr'>binas</span> <span class='ocrx_word' id='word_1_15' title='bbox 876 583 995 642; x_wconf 88' lang='lat' dir='ltr'>aut</span> <span class='ocrx_word' id='word_1_16' title='bbox 1022 578 1300 660; x_wconf 90' lang='lat' dir='ltr'>amplius</span> <span class='ocrx_word' id='word_1_17' title='bbox 1329 579 1558 643; x_wconf 91' lang='lat' dir='ltr'>domos</span> <span class='ocrx_word' id='word_1_18' title='bbox 1587 580 1984 656; x_wconf 77' lang='lat' dir='ltr'>continuare,</span> <span class='ocrx_word' id='word_1_19' title='bbox 2016 580 2429 643; x_wconf 89' lang='lat' dir='ltr'>nobis-larem</span> 
     </span>
     <span class='ocr_line' id='line_1_4' title="bbox 60 677 2431 759; baseline 0 -17"><span class='ocrx_word' id='word_1_20' title='bbox 60 697 107 742; x_wconf 72' lang='lat'>35</span> <span class='ocrx_word' id='word_1_21' title='bbox 136 678 522 741; x_wconf 74' lang='lat' dir='ltr'>familiarem</span> <span class='ocrx_word' id='word_1_22' title='bbox 544 687 868 758; x_wconf 81' lang='lat' dir='ltr'>nusquam</span> <span class='ocrx_word' id='word_1_23' title='bbox 890 677 1094 740; x_wconf 78' lang='lat' dir='ltr'>sillum</span> <span class='ocrx_word' id='word_1_24' title='bbox 1115 682 1289 742; x_wconf 80' lang='lat' dir='ltr'>esse?</span> <span class='ocrx_word' id='word_1_25' title='bbox 1373 680 1536 743; x_wconf 88' lang='lat' dir='ltr'>Cum</span> <span class='ocrx_word' id='word_1_26' title='bbox 1578 679 1839 742; x_wconf 69' lang='lat' dir='ltr'>tabulas</span> <span class='ocrx_word' id='word_1_27' title='bbox 1858 689 2040 759; x_wconf 88' lang='lat' dir='ltr'>signa</span> <span class='ocrx_word' id='word_1_28' title='bbox 2060 685 2431 742; x_wconf 78' lang='lat' dir='ltr'>toreumata</span> 
     </span>
    </p>

    <p class='ocr_par' dir='ltr' id='par_1_4' title="bbox 133 777 2430 860">
     <span class='ocr_line' id='line_1_5' title="bbox 133 777 2430 860; baseline 0 -18"><span class='ocrx_word' id='word_1_29' title='bbox 133 783 379 853; x_wconf 89' lang='lat' dir='ltr'>emunt,</span> <span class='ocrx_word' id='word_1_30' title='bbox 421 798 596 840; x_wconf 91' lang='lat' dir='ltr'>nova</span> <span class='ocrx_word' id='word_1_31' title='bbox 632 777 918 853; x_wconf 88' lang='lat' dir='ltr'>diruunt,</span> <span class='ocrx_word' id='word_1_32' title='bbox 959 777 1085 840; x_wconf 89' lang='lat' dir='ltr'>alia</span> <span class='ocrx_word' id='word_1_33' title='bbox 1119 778 1485 854; x_wconf 90' lang='lat' dir='ltr'>aedificant,</span> <span class='ocrx_word' id='word_1_34' title='bbox 1521 785 1853 860; x_wconf 89' lang='lat' dir='ltr'>postremo</span> <span class='ocrx_word' id='word_1_35' title='bbox 1886 780 2188 844; x_wconf 92' lang='lat' dir='ltr'>omnibus</span> <span class='ocrx_word' id='word_1_36' title='bbox 2220 780 2430 843; x_wconf 87' lang='lat' dir='ltr'>modis</span> 
     </span>
    </p>

    <p class='ocr_par' dir='ltr' id='par_1_5' title="bbox 133 877 2429 961">
     <span class='ocr_line' id='line_1_6' title="bbox 133 877 2429 961; baseline 0 -19"><span class='ocrx_word' id='word_1_37' title='bbox 133 878 476 961; x_wconf 76' lang='lat' dir='ltr'>pecuniam</span> <span class='ocrx_word' id='word_1_38' title='bbox 542 877 817 940; x_wconf 91' lang='lat' dir='ltr'>trahunt</span> <span class='ocrx_word' id='word_1_39' title='bbox 879 883 1144 953; x_wconf 86' lang='lat' dir='ltr'>vexant,</span> <span class='ocrx_word' id='word_1_40' title='bbox 1211 884 1431 941; x_wconf 90' lang='lat' dir='ltr'>tamen</span> <span class='ocrx_word' id='word_1_41' title='bbox 1497 889 1756 942; x_wconf 80' lang='lat' dir='ltr'>summa</span> <span class='ocrx_word' id='word_1_42' title='bbox 1815 879 2103 943; x_wconf 82' lang='lat' dir='ltr'>lubidine</span> <span class='ocrx_word' id='word_1_43' title='bbox 2166 880 2429 943; x_wconf 72' lang='lat' dir='ltr'>divitias</span> 
     </span>
    </p>

    <p class='ocr_par' dir='ltr' id='par_1_6' title="bbox 133 979 2432 1061">
     <span class='ocr_line' id='line_1_7' title="bbox 133 979 2432 1061; baseline 0 -19"><span class='ocrx_word' id='word_1_44' title='bbox 133 990 278 1043; x_wconf 74' lang='lat' dir='ltr'>sues</span> <span class='ocrx_word' id='word_1_45' title='bbox 329 979 589 1042; x_wconf 90' lang='lat' dir='ltr'>vincere</span> <span class='ocrx_word' id='word_1_46' title='bbox 639 982 992 1057; x_wconf 90' lang='lat' dir='ltr'>nequeunt.</span> <span class='ocrx_word' id='word_1_47' title='bbox 1084 979 1174 1040; x_wconf 92' lang='lat' dir='ltr'>At</span> <span class='ocrx_word' id='word_1_48' title='bbox 1221 980 1408 1042; x_wconf 84' lang='lat' dir='ltr'>nobis</span> <span class='ocrx_word' id='word_1_49' title='bbox 1456 985 1557 1041; x_wconf 93' lang='lat' dir='ltr'>est</span> <span class='ocrx_word' id='word_1_50' title='bbox 1607 979 1784 1043; x_wconf 90' lang='lat' dir='ltr'>domi</span> <span class='ocrx_word' id='word_1_51' title='bbox 1830 979 2069 1061; x_wconf 88' lang='lat' dir='ltr'>inopia,</span> <span class='ocrx_word' id='word_1_52' title='bbox 2120 980 2274 1044; x_wconf 86' lang='lat' dir='ltr'>foris</span> <span class='ocrx_word' id='word_1_53' title='bbox 2323 1000 2432 1043; x_wconf 88' lang='lat' dir='ltr'>aes</span> 
     </span>
    </p>

    <p class='ocr_par' dir='ltr' id='par_1_7' title="bbox 60 1078 2432 1260">
     <span class='ocr_line' id='line_1_8' title="bbox 135 1078 2432 1161; baseline 0 -19"><span class='ocrx_word' id='word_1_54' title='bbox 135 1079 434 1155; x_wconf 89' lang='lat' dir='ltr'>alienum,</span> <span class='ocrx_word' id='word_1_55' title='bbox 482 1078 657 1141; x_wconf 91' lang='lat' dir='ltr'>mala</span> <span class='ocrx_word' id='word_1_56' title='bbox 712 1088 831 1154; x_wconf 90' lang='lat' dir='ltr'>res,</span> <span class='ocrx_word' id='word_1_57' title='bbox 878 1087 1024 1159; x_wconf 92' lang='lat' dir='ltr'>spes</span> <span class='ocrx_word' id='word_1_58' title='bbox 1079 1078 1289 1142; x_wconf 92' lang='lat' dir='ltr'>multo</span> <span class='ocrx_word' id='word_1_59' title='bbox 1331 1079 1640 1161; x_wconf 85' lang='lat' dir='ltr'>asperior·</span> <span class='ocrx_word' id='word_1_60' title='bbox 1685 1078 1961 1161; x_wconf 90' lang='lat' dir='ltr'>denique</span> <span class='ocrx_word' id='word_1_61' title='bbox 2003 1079 2163 1155; x_wconf 88' lang='lat' dir='ltr'>quid</span> <span class='ocrx_word' id='word_1_62' title='bbox 2202 1080 2432 1161; x_wconf 88' lang='lat' dir='ltr'>reliqui</span> 
     </span>
     <span class='ocr_line' id='line_1_9' title="bbox 60 1178 1426 1260; baseline 0.003 -21"><span class='ocrx_word' id='word_1_63' title='bbox 60 1198 107 1239; x_wconf 66' lang='grc' dir='ltr'>ιο</span> <span class='ocrx_word' id='word_1_64' title='bbox 133 1179 449 1243; x_wconf 87' lang='lat' dir='ltr'>habemus</span> <span class='ocrx_word' id='word_1_65' title='bbox 477 1185 736 1260; x_wconf 73' lang='lat' dir='ltr'>praeter</span> <span class='ocrx_word' id='word_1_66' title='bbox 769 1178 1070 1241; x_wconf 85' lang='lat' dir='ltr'>miseram</span> <span class='ocrx_word' id='word_1_67' title='bbox 1102 1179 1426 1243; x_wconf 80' lang='lat' dir='ltr'>animam?</span> 
     </span>
    </p>

    <p class='ocr_par' dir='ltr' id='par_1_8' title="bbox 133 1273 2431 1660">
     <span class='ocr_line' id='line_1_10' title="bbox 213 1273 2429 1362; baseline 0.001 -21"><span class='ocrx_word' id='word_1_68' title='bbox 213 1278 411 1356; x_wconf 84' lang='lat' dir='ltr'>‘Quin</span> <span class='ocrx_word' id='word_1_69' title='bbox 429 1279 629 1358; x_wconf 85' lang='lat' dir='ltr'>igitur</span> <span class='ocrx_word' id='word_1_70' title='bbox 646 1279 1199 1359; x_wconf 83' lang='lat' dir='ltr'>expergiscimini?</span> <span class='ocrx_word' id='word_1_71' title='bbox 1283 1273 1388 1342; x_wconf 87' lang='lat' dir='ltr'>En</span> <span class='ocrx_word' id='word_1_72' title='bbox 1413 1280 1542 1355; x_wconf 93' lang='lat' dir='ltr'>illa,</span> <span class='ocrx_word' id='word_1_73' title='bbox 1569 1280 1678 1344; x_wconf 89' lang='lat' dir='ltr'>illa</span> <span class='ocrx_word' id='word_1_74' title='bbox 1705 1302 1903 1361; x_wconf 92' lang='lat' dir='ltr'>quam</span> <span class='ocrx_word' id='word_1_75' title='bbox 1932 1302 2123 1362; x_wconf 88' lang='lat' dir='ltr'>saepe</span> <span class='ocrx_word' id='word_1_76' title='bbox 2150 1282 2429 1362; x_wconf 70' lang='lat' dir='ltr'>optastis</span> 
     </span>
     <span class='ocr_line' id='line_1_11' title="bbox 133 1379 2429 1460; baseline 0.001 -19"><span class='ocrx_word' id='word_1_77' title='bbox 133 1379 414 1454; x_wconf 74' lang='lat' dir='ltr'>libertas,</span> <span class='ocrx_word' id='word_1_78' title='bbox 454 1384 792 1460; x_wconf 74' lang='lat' dir='ltr'>praetereo.</span> <span class='ocrx_word' id='word_1_79' title='bbox 827 1379 1094 1442; x_wconf 81' lang='lat' dir='ltr'>divitiae</span> <span class='ocrx_word' id='word_1_80' title='bbox 1157 1380 1351 1443; x_wconf 89' lang='lat' dir='ltr'>decus</span> <span class='ocrx_word' id='word_1_81' title='bbox 1412 1380 1613 1459; x_wconf 72' lang='lat' dir='ltr'>gloria</span> <span class='ocrx_word' id='word_1_82' title='bbox 1674 1381 1742 1442; x_wconf 90' lang='lat' dir='ltr'>in</span> <span class='ocrx_word' id='word_1_83' title='bbox 1802 1381 2001 1446; x_wconf 89' lang='lat' dir='ltr'>oculis</span> <span class='ocrx_word' id='word_1_84' title='bbox 2062 1383 2190 1444; x_wconf 91' lang='lat' dir='ltr'>sita</span> <span class='ocrx_word' id='word_1_85' title='bbox 2249 1388 2429 1458; x_wconf 81' lang='lat' dir='ltr'>sunt3</span> 
     </span>
     <span class='ocr_line' id='line_1_12' title="bbox 135 1479 2426 1563; baseline 0.002 -23"><span class='ocrx_word' id='word_1_86' title='bbox 135 1480 398 1544; x_wconf 75' lang='lat' dir='ltr'>fortuna</span> <span class='ocrx_word' id='word_1_87' title='bbox 456 1479 678 1543; x_wconf 87' lang='lat' dir='ltr'>omnia</span> <span class='ocrx_word' id='word_1_88' title='bbox 734 1499 813 1541; x_wconf 91' lang='lat' dir='ltr'>ea</span> <span class='ocrx_word' id='word_1_89' title='bbox 870 1479 1227 1543; x_wconf 90' lang='lat' dir='ltr'>victoribus</span> <span class='ocrx_word' id='word_1_90' title='bbox 1283 1481 1575 1561; x_wconf 87' lang='lat' dir='ltr'>praemia</span> <span class='ocrx_word' id='word_1_91' title='bbox 1630 1481 1865 1561; x_wconf 77' lang='lat' dir='ltr'>posuit.</span> <span class='ocrx_word' id='word_1_92' title='bbox 1960 1482 2089 1544; x_wconf 88' lang='lat' dir='ltr'>Res</span> <span class='ocrx_word' id='word_1_93' title='bbox 2147 1487 2426 1563; x_wconf 80' lang='lat' dir='ltr'>tempuS‚</span> 
     </span>
     <span class='ocr_line' id='line_1_13' title="bbox 133 1579 2431 1660; baseline 0.001 -17"><span class='ocrx_word' id='word_1_94' title='bbox 133 1580 417 1659; x_wconf 89' lang='lat' dir='ltr'>pericula</span> <span class='ocrx_word' id='word_1_95' title='bbox 451 1586 723 1659; x_wconf 68' lang='lat' dir='ltr'>egesteS,</span> <span class='ocrx_word' id='word_1_96' title='bbox 762 1579 913 1643; x_wconf 91' lang='lat' dir='ltr'>belli</span> <span class='ocrx_word' id='word_1_97' title='bbox 947 1580 1153 1660; x_wconf 90' lang='lat' dir='ltr'>spolia</span> <span class='ocrx_word' id='word_1_98' title='bbox 1187 1580 1533 1659; x_wconf 85' lang='lat' dir='ltr'>magnifica</span> <span class='ocrx_word' id='word_1_99' title='bbox 1566 1581 1772 1660; x_wconf 86' lang='lat' dir='ltr'>magis</span> <span class='ocrx_word' id='word_1_100' title='bbox 1806 1601 2005 1660; x_wconf 90' lang='lat' dir='ltr'>quam</span> <span class='ocrx_word' id='word_1_101' title='bbox 2042 1582 2250 1644; x_wconf 78' lang='lat' dir='ltr'>oratio</span> <span class='ocrx_word' id='word_1_102' title='bbox 2285 1602 2431 1645; x_wconf 85' lang='lat' dir='ltr'>mea</span> 
     </span>
    </p>

    <p class='ocr_par' dir='ltr' id='par_1_9' title="bbox 63 1679 2432 2061">
     <span class='ocr_line' id='line_1_14' title="bbox 63 1679 2431 1761; baseline 0.001 -21"><span class='ocrx_word' id='word_1_103' title='bbox 63 1697 109 1740; x_wconf 77' lang='lat'>45</span> <span class='ocrx_word' id='word_1_104' title='bbox 136 1690 246 1742; x_wconf 92' lang='lat' dir='ltr'>vos</span> <span class='ocrx_word' id='word_1_105' title='bbox 290 1681 661 1743; x_wconf 80' lang='lat' dir='ltr'>hortantur.</span> <span class='ocrx_word' id='word_1_106' title='bbox 751 1679 870 1742; x_wconf 91' lang='lat' dir='ltr'>Vel</span> <span class='ocrx_word' id='word_1_107' title='bbox 913 1679 1301 1760; x_wconf 72' lang='lat' dir='ltr'>imperatore</span> <span class='ocrx_word' id='word_1_108' title='bbox 1346 1680 1449 1742; x_wconf 91' lang='lat' dir='ltr'>vel</span> <span class='ocrx_word' id='word_1_109' title='bbox 1494 1680 1698 1742; x_wconf 84' lang='lat' dir='ltr'>milite</span> <span class='ocrx_word' id='word_1_110' title='bbox 1743 1691 1846 1743; x_wconf 93' lang='lat' dir='ltr'>me</span> <span class='ocrx_word' id='word_1_111' title='bbox 1889 1681 2177 1743; x_wconf 75' lang='lat' dir='ltr'>otimini:</span> <span class='ocrx_word' id='word_1_112' title='bbox 2220 1701 2431 1761; x_wconf 89' lang='lat' dir='ltr'>neque</span> 
     </span>
     <span class='ocr_line' id='line_1_15' title="bbox 137 1780 2427 1861; baseline 0.001 -20"><span class='ocrx_word' id='word_1_113' title='bbox 137 1780 388 1841; x_wconf 88' lang='lat' dir='ltr'>animus</span> <span class='ocrx_word' id='word_1_114' title='bbox 442 1792 653 1858; x_wconf 89' lang='lat' dir='ltr'>neque</span> <span class='ocrx_word' id='word_1_115' title='bbox 707 1799 941 1860; x_wconf 90' lang='lat' dir='ltr'>corpus</span> <span class='ocrx_word' id='word_1_116' title='bbox 993 1789 1035 1844; x_wconf 73' lang='lat' dir='ltr'>a</span> <span class='ocrx_word' id='word_1_117' title='bbox 1084 1781 1269 1843; x_wconf 68' lang='lat' dir='ltr'>vobis</span> <span class='ocrx_word' id='word_1_118' title='bbox 1325 1780 1553 1843; x_wconf 89' lang='lat' dir='ltr'>aberit.</span> <span class='ocrx_word' id='word_1_119' title='bbox 1644 1781 1822 1843; x_wconf 89' lang='lat' dir='ltr'>Haec</span> <span class='ocrx_word' id='word_1_120' title='bbox 1875 1780 2036 1861; x_wconf 91' lang='lat' dir='ltr'>ipsa,</span> <span class='ocrx_word' id='word_1_121' title='bbox 2091 1786 2170 1843; x_wconf 91' lang='lat' dir='ltr'>ut</span> <span class='ocrx_word' id='word_1_122' title='bbox 2221 1790 2427 1861; x_wconf 89' lang='lat' dir='ltr'>spero,</span> 
     </span>
     <span class='ocr_line' id='line_1_16' title="bbox 137 1879 2432 1959; baseline 0.001 -18"><span class='ocrx_word' id='word_1_123' title='bbox 137 1880 471 1943; x_wconf 87' lang='lat' dir='ltr'>vobiscum</span> <span class='ocrx_word' id='word_1_124' title='bbox 511 1888 645 1942; x_wconf 75' lang='lat' dir='ltr'>fine</span> <span class='ocrx_word' id='word_1_125' title='bbox 683 1879 906 1942; x_wconf 91' lang='lat' dir='ltr'>consul</span> <span class='ocrx_word' id='word_1_126' title='bbox 946 1900 1155 1959; x_wconf 86' lang='lat' dir='ltr'>agam,</span> <span class='ocrx_word' id='word_1_127' title='bbox 1196 1880 1320 1943; x_wconf 93' lang='lat' dir='ltr'>nisi</span> <span class='ocrx_word' id='word_1_128' title='bbox 1358 1879 1527 1943; x_wconf 82' lang='lat' dir='ltr'>forte</span> <span class='ocrx_word' id='word_1_129' title='bbox 1566 1889 1670 1944; x_wconf 91' lang='lat' dir='ltr'>me</span> <span class='ocrx_word' id='word_1_130' title='bbox 1709 1880 1964 1942; x_wconf 90' lang='lat' dir='ltr'>animus</span> <span class='ocrx_word' id='word_1_131' title='bbox 2000 1879 2173 1943; x_wconf 85' lang='lat' dir='ltr'>fallit</span> <span class='ocrx_word' id='word_1_132' title='bbox 2207 1885 2279 1944; x_wconf 92' lang='lat' dir='ltr'>et</span> <span class='ocrx_word' id='word_1_133' title='bbox 2314 1890 2432 1944; x_wconf 88' lang='lat' dir='ltr'>vos</span> 
     </span>
     <span class='ocr_line' id='line_1_17' title="bbox 135 1979 1806 2061; baseline -0.001 -19"><span class='ocrx_word' id='word_1_134' title='bbox 135 1989 370 2042; x_wconf 86' lang='lat' dir='ltr'>servire</span> <span class='ocrx_word' id='word_1_135' title='bbox 433 1979 639 2058; x_wconf 86' lang='lat' dir='ltr'>magis</span> <span class='ocrx_word' id='word_1_136' title='bbox 699 2000 900 2059; x_wconf 89' lang='lat' dir='ltr'>quam</span> <span class='ocrx_word' id='word_1_137' title='bbox 959 1980 1276 2060; x_wconf 75' lang='lat' dir='ltr'>imperare</span> <span class='ocrx_word' id='word_1_138' title='bbox 1334 1988 1552 2061; x_wconf 77' lang='lat' dir='ltr'>parati</span> <span class='ocrx_word' id='word_1_139' title='bbox 1610 1980 1806 2043; x_wconf 66' lang='lat' dir='ltr'>estis!</span> 
     </span>
    </p>

    <p class='ocr_par' dir='ltr' id='par_1_10' title="bbox 134 2072 2435 2461">
     <span class='ocr_line' id='line_1_18' title="bbox 208 2072 2432 2160; baseline 0.001 -18"><span class='ocrx_word' id='word_1_140' title='bbox 208 2079 315 2143; x_wconf 85' lang='lat'>21.</span> <span class='ocrx_word' id='word_1_141' title='bbox 363 2080 726 2159; x_wconf 89' lang='lat' dir='ltr'>Postquam</span> <span class='ocrx_word' id='word_1_142' title='bbox 786 2090 1086 2160; x_wconf 88' lang='lat' dir='ltr'>accepere</span> <span class='ocrx_word' id='word_1_143' title='bbox 1141 2072 1249 2142; x_wconf 81' lang='lat' dir='ltr'>ea&#39;</span> <span class='ocrx_word' id='word_1_144' title='bbox 1274 2079 1587 2158; x_wconf 80' lang='lat' dir='ltr'>homineS,</span> <span class='ocrx_word' id='word_1_145' title='bbox 1648 2079 1886 2160; x_wconf 90' lang='lat' dir='ltr'>quibus</span> <span class='ocrx_word' id='word_1_146' title='bbox 1940 2077 2117 2144; x_wconf 88' lang='lat' dir='ltr'>mala</span> <span class='ocrx_word' id='word_1_147' title='bbox 2170 2080 2432 2145; x_wconf 90' lang='lat' dir='ltr'>abunde</span> 
     </span>
     <span class='ocr_line' id='line_1_19' title="bbox 134 2180 2431 2262; baseline 0.001 -20"><span class='ocrx_word' id='word_1_148' title='bbox 134 2182 352 2243; x_wconf 82' lang='lat' dir='ltr'>omnia</span> <span class='ocrx_word' id='word_1_149' title='bbox 388 2187 597 2257; x_wconf 90' lang='lat' dir='ltr'>erant,</span> <span class='ocrx_word' id='word_1_150' title='bbox 638 2180 753 2244; x_wconf 90' lang='lat' dir='ltr'>sed</span> <span class='ocrx_word' id='word_1_151' title='bbox 788 2200 999 2262; x_wconf 92' lang='lat' dir='ltr'>neque</span> <span class='ocrx_word' id='word_1_152' title='bbox 1035 2191 1136 2244; x_wconf 90' lang='lat' dir='ltr'>res</span> <span class='ocrx_word' id='word_1_153' title='bbox 1173 2200 1383 2261; x_wconf 90' lang='lat' dir='ltr'>neque</span> <span class='ocrx_word' id='word_1_154' title='bbox 1420 2191 1567 2261; x_wconf 92' lang='lat' dir='ltr'>spes</span> <span class='ocrx_word' id='word_1_155' title='bbox 1603 2181 1778 2244; x_wconf 90' lang='lat' dir='ltr'>bona</span> <span class='ocrx_word' id='word_1_156' title='bbox 1815 2181 1965 2258; x_wconf 78' lang='lat' dir='ltr'>olla,</span> <span class='ocrx_word' id='word_1_157' title='bbox 2005 2187 2273 2245; x_wconf 87' lang='lat' dir='ltr'>tametsi</span> <span class='ocrx_word' id='word_1_158' title='bbox 2308 2182 2431 2244; x_wconf 87' lang='lat' dir='ltr'>illis</span> 
     </span>
     <span class='ocr_line' id='line_1_20' title="bbox 136 2280 2431 2362; baseline 0.001 -20"><span class='ocrx_word' id='word_1_159' title='bbox 136 2282 355 2360; x_wconf 87' lang='lat' dir='ltr'>quieta</span> <span class='ocrx_word' id='word_1_160' title='bbox 413 2291 673 2343; x_wconf 90' lang='lat' dir='ltr'>movere</span> <span class='ocrx_word' id='word_1_161' title='bbox 728 2301 966 2360; x_wconf 87' lang='lat' dir='ltr'>magna</span> <span class='ocrx_word' id='word_1_162' title='bbox 1019 2290 1263 2344; x_wconf 91' lang='lat' dir='ltr'>merces</span> <span class='ocrx_word' id='word_1_163' title='bbox 1316 2280 1678 2348; x_wconf 76' lang='lat' dir='ltr'>videbatur.</span> <span class='ocrx_word' id='word_1_164' title='bbox 1743 2288 1969 2343; x_wconf 89' lang='lat' dir='ltr'>tamen</span> <span class='ocrx_word' id='word_1_165' title='bbox 2018 2281 2431 2362; x_wconf 72' lang='lat' dir='ltr'>postulavere</span> 
     </span>
     <span class='ocr_line' id='line_1_21' title="bbox 135 2379 2435 2461; baseline 0.002 -20"><span class='ocrx_word' id='word_1_166' title='bbox 135 2381 443 2461; x_wconf 75' lang='lat' dir='ltr'>plerique,</span> <span class='ocrx_word' id='word_1_167' title='bbox 467 2386 545 2442; x_wconf 92' lang='lat' dir='ltr'>ut</span> <span class='ocrx_word' id='word_1_168' title='bbox 577 2387 987 2461; x_wconf 80' lang='lat' dir='ltr'>proponeret,</span> <span class='ocrx_word' id='word_1_169' title='bbox 1015 2400 1183 2460; x_wconf 88' lang='lat' dir='ltr'>quae</span> <span class='ocrx_word' id='word_1_170' title='bbox 1218 2379 1511 2443; x_wconf 89' lang='lat' dir='ltr'>condicio</span> <span class='ocrx_word' id='word_1_171' title='bbox 1544 2380 1695 2444; x_wconf 90' lang='lat' dir='ltr'>belli</span> <span class='ocrx_word' id='word_1_172' title='bbox 1728 2380 1916 2457; x_wconf 85' lang='lat' dir='ltr'>foret,</span> <span class='ocrx_word' id='word_1_173' title='bbox 1943 2400 2111 2460; x_wconf 90' lang='lat' dir='ltr'>quae</span> <span class='ocrx_word' id='word_1_174' title='bbox 2144 2382 2435 2461; x_wconf 85' lang='lat' dir='ltr'>praemia</span> 
     </span>
    </p>

    <p class='ocr_par' dir='ltr' id='par_1_11' title="bbox 88 2479 2430 2661">
     <span class='ocr_line' id='line_1_22' title="bbox 88 2479 2430 2561; baseline 0.002 -21"><span class='ocrx_word' id='word_1_175' title='bbox 88 2498 111 2540; x_wconf 78' lang='lat'>5</span> <span class='ocrx_word' id='word_1_176' title='bbox 138 2491 329 2543; x_wconf 85' lang='lat' dir='ltr'>armis</span> <span class='ocrx_word' id='word_1_177' title='bbox 386 2485 705 2560; x_wconf 73' lang='lat' dir='ltr'>peterent,</span> <span class='ocrx_word' id='word_1_178' title='bbox 766 2479 926 2560; x_wconf 91' lang='lat' dir='ltr'>quid</span> <span class='ocrx_word' id='word_1_179' title='bbox 980 2482 1223 2560; x_wconf 90' lang='lat' dir='ltr'>ubique</span> <span class='ocrx_word' id='word_1_180' title='bbox 1277 2480 1419 2561; x_wconf 92' lang='lat' dir='ltr'>opis</span> <span class='ocrx_word' id='word_1_181' title='bbox 1477 2486 1594 2543; x_wconf 86' lang='lat' dir='ltr'>aut</span> <span class='ocrx_word' id='word_1_182' title='bbox 1649 2489 1786 2560; x_wconf 86' lang='lat' dir='ltr'>spei</span> <span class='ocrx_word' id='word_1_183' title='bbox 1841 2481 2175 2544; x_wconf 74' lang='lat' dir='ltr'>haberent.</span> <span class='ocrx_word' id='word_1_184' title='bbox 2263 2482 2430 2544; x_wconf 91' lang='lat' dir='ltr'>Tum</span> 
     </span>
     <span class='ocr_line' id='line_1_23' title="bbox 138 2566 2428 2661; baseline 0 -19"><span class='ocrx_word' id='word_1_185' title='bbox 138 2581 416 2643; x_wconf 86' lang='lat' dir='ltr'>Catilina</span> <span class='ocrx_word' id='word_1_186' title='bbox 467 2579 754 2659; x_wconf 86' lang='lat' dir='ltr'>polliceri</span> <span class='ocrx_word' id='word_1_187' title='bbox 805 2580 1065 2643; x_wconf 74' lang='lat' dir='ltr'>tabules</span> <span class='ocrx_word' id='word_1_188' title='bbox 1116 2589 1341 2656; x_wconf 77' lang='lat' dir='ltr'>noves,</span> <span class='ocrx_word' id='word_1_189' title='bbox 1395 2581 1934 2661; x_wconf 86' lang='lat' dir='ltr'>proscriptionem</span> <span class='ocrx_word' id='word_1_190' title='bbox 1986 2566 2428 2660; x_wconf 87' lang='lat' dir='ltr'>locupletium,</span> 
     </span>
    </p>
   </div>
   <div class='ocr_carea' id='block_1_3' title="bbox 140 2756 2436 3542">
    <p class='ocr_par' dir='ltr' id='par_1_12' title="bbox 140 2756 2436 3542">
     <span class='ocr_line' id='line_1_24' title="bbox 198 2756 2436 2811; baseline 0.001 -11"><span class='ocrx_word' id='word_1_191' title='bbox 198 2759 371 2800; x_wconf 87' lang='lat'>33-35.</span> <span class='ocrx_word' id='word_1_192' title='bbox 409 2756 588 2809; x_wconf 67' lang='lat' dir='ltr'>nobis,</span> <span class='ocrx_word' id='word_1_193' title='bbox 634 2756 819 2800; x_wconf 67' lang='lat' dir='ltr'>nobis:</span> <span class='ocrx_word' id='word_1_194' title='bbox 903 2757 1035 2801; x_wconf 81' lang='lat' dir='ltr'>what</span> <span class='ocrx_word' id='word_1_195' title='bbox 1080 2757 1240 2800; x_wconf 79' lang='lat' dir='ltr'>differ·</span> <span class='ocrx_word' id='word_1_196' title='bbox 1397 2760 1473 2801; x_wconf 83' lang='lat'>45.</span> <span class='ocrx_word' id='word_1_197' title='bbox 1507 2757 1860 2810; x_wconf 70' lang='lat' dir='ltr'>imperatore,</span> <span class='ocrx_word' id='word_1_198' title='bbox 1894 2757 2100 2802; x_wconf 79' lang='lat' dir='ltr'>multe:</span> <span class='ocrx_word' id='word_1_199' title='bbox 2157 2757 2436 2811; x_wconf 80' lang='lat' dir='ltr'>appositive</span> 
     </span>
     <span class='ocr_line' id='line_1_25' title="bbox 140 2822 2169 2868; baseline 0.001 -2"><span class='ocrx_word' id='word_1_200' title='bbox 140 2835 250 2868; x_wconf 85' lang='lat' dir='ltr'>enee</span> <span class='ocrx_word' id='word_1_201' title='bbox 295 2825 348 2866; x_wconf 86' lang='lat' dir='ltr'>in</span> <span class='ocrx_word' id='word_1_202' title='bbox 394 2824 480 2866; x_wconf 90' lang='lat' dir='ltr'>the</span> <span class='ocrx_word' id='word_1_203' title='bbox 525 2824 745 2867; x_wconf 77' lang='lat' dir='ltr'>datives?</span> <span class='ocrx_word' id='word_1_204' title='bbox 816 2823 995 2867; x_wconf 69' lang='lat' dir='ltr'>larem</span> <span class='ocrx_word' id='word_1_205' title='bbox 1036 2822 1241 2867; x_wconf 72' lang='lat' dir='ltr'>tamill-</span> <span class='ocrx_word' id='word_1_206' title='bbox 1333 2828 1387 2867; x_wconf 83' lang='lat' dir='ltr'>to</span> <span class='ocrx_word' id='word_1_207' title='bbox 1414 2836 1502 2868; x_wconf 89' lang='lat' dir='ltr'>me.</span> <span class='ocrx_word' id='word_1_208' title='bbox 1816 2841 1820 2848; x_wconf 67' lang='grc'><em>’</em></span> <span class='ocrx_word' id='word_1_209' title='bbox 2162 2829 2169 2834; x_wconf 83' lang='grc'><strong>’</strong></span> 
     </span>
     <span class='ocr_line' id='line_1_26' title="bbox 141 2890 2435 2944; baseline 0.001 -9"><span class='ocrx_word' id='word_1_210' title='bbox 141 2899 315 2936; x_wconf 68' lang='lat' dir='ltr'>trem?</span> <span class='ocrx_word' id='word_1_211' title='bbox 359 2891 623 2942; x_wconf 84' lang='lat' dir='ltr'>‘guardian</span> <span class='ocrx_word' id='word_1_212' title='bbox 650 2892 934 2942; x_wconf 81' lang='lat' dir='ltr'>(ancestral)</span> <span class='ocrx_word' id='word_1_213' title='bbox 957 2891 1168 2942; x_wconf 81' lang='lat' dir='ltr'>divinity</span> <span class='ocrx_word' id='word_1_214' title='bbox 1189 2892 1241 2933; x_wconf 80' lang='lat' dir='ltr'>oi</span> <span class='ocrx_word' id='word_1_215' title='bbox 1398 2894 1475 2935; x_wconf 86' lang='lat'>47.</span> <span class='ocrx_word' id='word_1_216' title='bbox 1509 2890 1704 2935; x_wconf 67' lang='lat' dir='ltr'>consul</span> <span class='ocrx_word' id='word_1_217' title='bbox 1737 2900 1930 2943; x_wconf 72' lang='lat' dir='ltr'>agam:</span> <span class='ocrx_word' id='word_1_218' title='bbox 1998 2891 2044 2934; x_wconf 74' lang='grc' dir='ltr'>Ἰ</span> <span class='ocrx_word' id='word_1_219' title='bbox 2079 2891 2203 2934; x_wconf 86' lang='lat' dir='ltr'>shall</span> <span class='ocrx_word' id='word_1_220' title='bbox 2238 2893 2435 2944; x_wconf 67' lang='lat' dir='ltr'>present.</span> 
     </span>
     <span class='ocr_line' id='line_1_27' title="bbox 140 2957 2120 3011; baseline 0.002 -13"><span class='ocrx_word' id='word_1_221' title='bbox 140 2959 219 3002; x_wconf 85' lang='lat' dir='ltr'>the</span> <span class='ocrx_word' id='word_1_222' title='bbox 239 2957 551 3007; x_wconf 85' lang='lat' dir='ltr'>household,&#39;</span> <span class='ocrx_word' id='word_1_223' title='bbox 573 2958 768 3008; x_wconf 86' lang='lat' dir='ltr'>coming</span> <span class='ocrx_word' id='word_1_224' title='bbox 786 2957 855 3009; x_wconf 82' lang='lat' dir='ltr'>by</span> <span class='ocrx_word' id='word_1_225' title='bbox 875 2961 1166 3010; x_wconf 82' lang='lat' dir='ltr'>metonymy</span> <span class='ocrx_word' id='word_1_226' title='bbox 1186 2961 1240 3000; x_wconf 82' lang='lat' dir='ltr'>to</span> <span class='ocrx_word' id='word_1_227' title='bbox 1333 2961 1388 3001; x_wconf 87' lang='lat' dir='ltr'>to</span> <span class='ocrx_word' id='word_1_228' title='bbox 1413 2970 1512 3010; x_wconf 79' lang='lat' dir='ltr'>you</span> <span class='ocrx_word' id='word_1_229' title='bbox 1544 2958 1813 3011; x_wconf 84' lang='lat' dir='ltr'>(officially)</span> <span class='ocrx_word' id='word_1_230' title='bbox 1840 2970 1894 3000; x_wconf 86' lang='lat' dir='ltr'>as</span> <span class='ocrx_word' id='word_1_231' title='bbox 1918 2958 2120 3002; x_wconf 65' lang='lat' dir='ltr'>consul!</span> 
     </span>
     <span class='ocr_line' id='line_1_28' title="bbox 141 3024 2083 3069; baseline 0.001 -3"><span class='ocrx_word' id='word_1_232' title='bbox 141 3034 279 3069; x_wconf 86' lang='lat' dir='ltr'>mean</span> <span class='ocrx_word' id='word_1_233' title='bbox 319 3025 525 3067; x_wconf 65' lang='lat' dir='ltr'>‘home&#39;</span> <span class='ocrx_word' id='word_1_234' title='bbox 598 3033 754 3068; x_wconf 83' lang='lat' dir='ltr'>oum:</span> <span class='ocrx_word' id='word_1_235' title='bbox 827 3024 1109 3068; x_wconf 84' lang='lat' dir='ltr'>introduces</span> <span class='ocrx_word' id='word_1_236' title='bbox 1146 3024 1241 3068; x_wconf 89' lang='lat' dir='ltr'>five</span> <span class='ocrx_word' id='word_1_237' title='bbox 1398 3025 1476 3069; x_wconf 84' lang='lat'>48.</span> <span class='ocrx_word' id='word_1_238' title='bbox 1509 3026 1737 3069; x_wconf 71' lang='lat' dir='ltr'>nervire:</span> <span class='ocrx_word' id='word_1_239' title='bbox 1783 3024 1865 3068; x_wconf 82' lang='lat' dir='ltr'>‘be</span> <span class='ocrx_word' id='word_1_240' title='bbox 1891 3024 2083 3068; x_wconf 65' lang='lat' dir='ltr'>slaves!</span> 
     </span>
     <span class='ocr_line' id='line_1_29' title="bbox 142 3090 1243 3145; baseline 0.002 -13"><span class='ocrx_word' id='word_1_241' title='bbox 142 3093 306 3145; x_wconf 85' lang='lat' dir='ltr'>verbs;</span> <span class='ocrx_word' id='word_1_242' title='bbox 348 3092 389 3135; x_wconf 82' lang='lat' dir='ltr'>it</span> <span class='ocrx_word' id='word_1_243' title='bbox 438 3092 480 3135; x_wconf 85' lang='lat' dir='ltr'>is</span> <span class='ocrx_word' id='word_1_244' title='bbox 530 3090 700 3134; x_wconf 87' lang='lat' dir='ltr'>shown</span> <span class='ocrx_word' id='word_1_245' title='bbox 748 3091 816 3143; x_wconf 84' lang='lat' dir='ltr'>by</span> <span class='ocrx_word' id='word_1_246' title='bbox 863 3091 951 3134; x_wconf 88' lang='lat' dir='ltr'>the</span> <span class='ocrx_word' id='word_1_247' title='bbox 997 3091 1243 3142; x_wconf 75' lang='lat' dir='ltr'>following</span> 
     </span>
     <span class='ocr_line' id='line_1_30' title="bbox 140 3156 2433 3208; baseline 0.001 -9"><span class='ocrx_word' id='word_1_248' title='bbox 140 3158 292 3202; x_wconf 75' lang='lat' dir='ltr'>tamen</span> <span class='ocrx_word' id='word_1_249' title='bbox 328 3163 382 3202; x_wconf 88' lang='lat' dir='ltr'>to</span> <span class='ocrx_word' id='word_1_250' title='bbox 420 3159 483 3201; x_wconf 90' lang='lat' dir='ltr'>be</span> <span class='ocrx_word' id='word_1_251' title='bbox 521 3158 814 3207; x_wconf 85' lang='lat' dir='ltr'>concessive,</span> <span class='ocrx_word' id='word_1_252' title='bbox 854 3158 953 3201; x_wconf 87' lang='lat' dir='ltr'>and</span> <span class='ocrx_word' id='word_1_253' title='bbox 989 3158 1049 3200; x_wconf 83' lang='lat' dir='ltr'>in-</span> <span class='ocrx_word' id='word_1_254' title='bbox 1079 3159 1242 3201; x_wconf 86' lang='lat' dir='ltr'>Cicero</span> <span class='ocrx_word' id='word_1_255' title='bbox 1399 3156 1495 3199; x_wconf 79' lang='lat' dir='ltr'>His</span> <span class='ocrx_word' id='word_1_256' title='bbox 1522 3157 1751 3208; x_wconf 71' lang='lat' dir='ltr'>promises</span> <span class='ocrx_word' id='word_1_257' title='bbox 1777 3158 1876 3200; x_wconf 84' lang='lat' dir='ltr'>and</span> <span class='ocrx_word' id='word_1_258' title='bbox 1902 3156 1977 3200; x_wconf 77' lang='lat' dir='ltr'>the</span> <span class='ocrx_word' id='word_1_259' title='bbox 2003 3168 2187 3201; x_wconf 78' lang='lat' dir='ltr'>sources</span> <span class='ocrx_word' id='word_1_260' title='bbox 2212 3158 2259 3201; x_wconf 78' lang='lat' dir='ltr'>to</span> <span class='ocrx_word' id='word_1_261' title='bbox 2285 3156 2433 3202; x_wconf 65' lang='lat' dir='ltr'>which</span> 
     </span>
     <span class='ocr_line' id='line_1_31' title="bbox 142 3223 1786 3276; baseline 0.001 -11"><span class='ocrx_word' id='word_1_262' title='bbox 142 3226 294 3269; x_wconf 87' lang='lat' dir='ltr'>would</span> <span class='ocrx_word' id='word_1_263' title='bbox 337 3226 455 3269; x_wconf 79' lang='lat' dir='ltr'>take</span> <span class='ocrx_word' id='word_1_264' title='bbox 494 3224 580 3268; x_wconf 84' lang='lat' dir='ltr'>the</span> <span class='ocrx_word' id='word_1_265' title='bbox 620 3224 952 3275; x_wconf 80' lang='lat' dir='ltr'>subjunctive.</span> <span class='ocrx_word' id='word_1_266' title='bbox 1026 3225 1119 3267; x_wconf 88' lang='lat' dir='ltr'>For</span> <span class='ocrx_word' id='word_1_267' title='bbox 1158 3224 1242 3268; x_wconf 86' lang='lat' dir='ltr'>the</span> <span class='ocrx_word' id='word_1_268' title='bbox 1334 3224 1389 3267; x_wconf 83' lang='lat' dir='ltr'>he</span> <span class='ocrx_word' id='word_1_269' title='bbox 1412 3223 1572 3266; x_wconf 85' lang='lat' dir='ltr'>looked</span> <span class='ocrx_word' id='word_1_270' title='bbox 1592 3224 1668 3276; x_wconf 73' lang='lat' dir='ltr'>tor</span> <span class='ocrx_word' id='word_1_271' title='bbox 1688 3224 1786 3267; x_wconf 86' lang='lat' dir='ltr'>aid.</span> 
     </span>
     <span class='ocr_line' id='line_1_32' title="bbox 143 3287 2435 3342; baseline 0.001 -10"><span class='ocrx_word' id='word_1_272' title='bbox 143 3292 330 3335; x_wconf 79' lang='lat' dir='ltr'>archaic</span> <span class='ocrx_word' id='word_1_273' title='bbox 372 3303 458 3336; x_wconf 85' lang='lat' dir='ltr'>use</span> <span class='ocrx_word' id='word_1_274' title='bbox 502 3292 554 3334; x_wconf 78' lang='lat' dir='ltr'>of</span> <span class='ocrx_word' id='word_1_275' title='bbox 598 3292 867 3335; x_wconf 83' lang='lat' dir='ltr'>indicative</span> <span class='ocrx_word' id='word_1_276' title='bbox 909 3302 988 3334; x_wconf 90' lang='lat' dir='ltr'>see</span> <span class='ocrx_word' id='word_1_277' title='bbox 1031 3293 1089 3335; x_wconf 90' lang='lat' dir='ltr'>A.</span> <span class='ocrx_word' id='word_1_278' title='bbox 1133 3293 1239 3342; x_wconf 83' lang='lat'>549,</span> <span class='ocrx_word' id='word_1_279' title='bbox 1398 3287 1490 3338; x_wconf 86' lang='lat'>21.</span> <span class='ocrx_word' id='word_1_280' title='bbox 1530 3292 1570 3342; x_wconf 89' lang='lat'>1,</span> <span class='ocrx_word' id='word_1_281' title='bbox 1605 3293 1649 3334; x_wconf 88' lang='lat'>2.</span> <span class='ocrx_word' id='word_1_282' title='bbox 1684 3290 1889 3342; x_wconf 72' lang='lat' dir='ltr'>quibus</span> <span class='ocrx_word' id='word_1_283' title='bbox 1924 3320 1938 3336; x_wconf 91' lang='lat'>.</span> <span class='ocrx_word' id='word_1_284' title='bbox 1974 3321 1987 3335; x_wconf 93' lang='lat'>.</span> <span class='ocrx_word' id='word_1_285' title='bbox 2023 3321 2036 3335; x_wconf 93' lang='lat'>.</span> <span class='ocrx_word' id='word_1_286' title='bbox 2068 3292 2256 3334; x_wconf 66' lang='lat' dir='ltr'>erant}</span> <span class='ocrx_word' id='word_1_287' title='bbox 2303 3291 2435 3335; x_wconf 80' lang='lat' dir='ltr'>‘who</span> 
     </span>
     <span class='ocr_line' id='line_1_33' title="bbox 145 3357 2433 3408; baseline 0 -9"><span class='ocrx_word' id='word_1_288' title='bbox 145 3364 253 3402; x_wconf 89' lang='lat' dir='ltr'>note</span> <span class='ocrx_word' id='word_1_289' title='bbox 278 3361 329 3408; x_wconf 80' lang='lat'>3:</span> <span class='ocrx_word' id='word_1_290' title='bbox 356 3359 421 3403; x_wconf 89' lang='lat' dir='ltr'>H.</span> <span class='ocrx_word' id='word_1_291' title='bbox 450 3361 555 3408; x_wconf 86' lang='lat'>599.</span> <span class='ocrx_word' id='word_1_292' title='bbox 590 3362 636 3407; x_wconf 82' lang='lat'>1:</span> <span class='ocrx_word' id='word_1_293' title='bbox 665 3359 813 3402; x_wconf 84' lang='lat' dir='ltr'>H.-B.</span> <span class='ocrx_word' id='word_1_294' title='bbox 840 3361 949 3402; x_wconf 88' lang='grc'><strong>527.</strong></span> <span class='ocrx_word' id='word_1_295' title='bbox 1336 3357 1434 3400; x_wconf 89' lang='lat' dir='ltr'>had</span> <span class='ocrx_word' id='word_1_296' title='bbox 1459 3357 1523 3399; x_wconf 87' lang='lat' dir='ltr'>all</span> <span class='ocrx_word' id='word_1_297' title='bbox 1547 3358 1861 3400; x_wconf 79' lang='lat' dir='ltr'>missortunes</span> <span class='ocrx_word' id='word_1_298' title='bbox 1880 3357 1935 3400; x_wconf 82' lang='lat' dir='ltr'>in</span> <span class='ocrx_word' id='word_1_299' title='bbox 1957 3357 2281 3403; x_wconf 60' lang='lat' dir='ltr'>abundance)</span> <span class='ocrx_word' id='word_1_300' title='bbox 2324 3367 2433 3401; x_wconf 65' lang='lat' dir='ltr'>ren!</span> 
     </span>
     <span class='ocr_line' id='line_1_34' title="bbox 201 3424 1631 3477; baseline -0.001 -8"><span class='ocrx_word' id='word_1_301' title='bbox 201 3427 276 3470; x_wconf 81' lang='grc'>36.</span> <span class='ocrx_word' id='word_1_302' title='bbox 312 3426 571 3477; x_wconf 72' lang='lat' dir='ltr'>trahunt.</span> <span class='ocrx_word' id='word_1_303' title='bbox 593 3427 825 3470; x_wconf 74' lang='lat' dir='ltr'>vexant:</span> <span class='ocrx_word' id='word_1_304' title='bbox 858 3425 1046 3474; x_wconf 57' lang='lat' dir='ltr'>‘waste</span> <span class='ocrx_word' id='word_1_305' title='bbox 1063 3435 1244 3475; x_wconf 87' lang='lat' dir='ltr'>squan-</span> <span class='ocrx_word' id='word_1_306' title='bbox 1338 3424 1631 3476; x_wconf 58' lang='lat' dir='ltr'>‘properum’</span> 
     </span>
     <span class='ocr_line' id='line_1_35' title="bbox 146 3491 2436 3542; baseline 0 -8"><span class='ocrx_word' id='word_1_307' title='bbox 146 3491 223 3535; x_wconf 87' lang='lat' dir='ltr'>der</span> <span class='ocrx_word' id='word_1_308' title='bbox 243 3492 256 3513; x_wconf 86' lang='lat'>’</span> <span class='ocrx_word' id='word_1_309' title='bbox 1398 3493 1448 3535; x_wconf 83' lang='lat'>3.</span> <span class='ocrx_word' id='word_1_310' title='bbox 1481 3491 1673 3542; x_wconf 70' lang='lat' dir='ltr'>quieta</span> <span class='ocrx_word' id='word_1_311' title='bbox 1705 3498 1952 3535; x_wconf 73' lang='lat' dir='ltr'>movero:</span> <span class='ocrx_word' id='word_1_312' title='bbox 2017 3491 2092 3535; x_wconf 81' lang='lat' dir='ltr'>‘to</span> <span class='ocrx_word' id='word_1_313' title='bbox 2125 3491 2315 3535; x_wconf 86' lang='lat' dir='ltr'>disturb</span> <span class='ocrx_word' id='word_1_314' title='bbox 2350 3492 2436 3534; x_wconf 89' lang='lat' dir='ltr'>the</span> 
     </span>
    </p>
   </div>
   <div class='ocr_carea' id='block_1_4' title="bbox 147 3557 2436 3946">
    <p class='ocr_par' dir='ltr' id='par_1_13' title="bbox 147 3557 2436 3744">
     <span class='ocr_line' id='line_1_36' title="bbox 202 3557 2433 3611; baseline -0.001 -8"><span class='ocrx_word' id='word_1_315' title='bbox 202 3561 277 3603; x_wconf 85' lang='lat'>39.</span> <span class='ocrx_word' id='word_1_316' title='bbox 313 3560 450 3610; x_wconf 76' lang='lat' dir='ltr'>quid</span> <span class='ocrx_word' id='word_1_317' title='bbox 477 3559 703 3611; x_wconf 74' lang='lat' dir='ltr'>reliqui:</span> <span class='ocrx_word' id='word_1_318' title='bbox 752 3559 850 3603; x_wconf 88' lang='lat' dir='ltr'>like</span> <span class='ocrx_word' id='word_1_319' title='bbox 877 3559 1093 3603; x_wconf 81' lang='lat' dir='ltr'>Caesar&#39;s</span> <span class='ocrx_word' id='word_1_320' title='bbox 1119 3558 1243 3602; x_wconf 80' lang='lat' dir='ltr'>nihil</span> <span class='ocrx_word' id='word_1_321' title='bbox 1337 3557 1520 3611; x_wconf 66' lang='lat' dir='ltr'>peace!</span> <span class='ocrx_word' id='word_1_322' title='bbox 1605 3558 1721 3601; x_wconf 87' lang='lat' dir='ltr'>This</span> <span class='ocrx_word' id='word_1_323' title='bbox 1773 3557 1948 3611; x_wconf 85' lang='lat' dir='ltr'>phrase</span> <span class='ocrx_word' id='word_1_324' title='bbox 1998 3558 2040 3600; x_wconf 82' lang='lat' dir='ltr'>is</span> <span class='ocrx_word' id='word_1_325' title='bbox 2092 3558 2282 3609; x_wconf 82' lang='lat' dir='ltr'>subject</span> <span class='ocrx_word' id='word_1_326' title='bbox 2336 3558 2433 3601; x_wconf 88' lang='lat' dir='ltr'>and</span> 
     </span>
     <span class='ocr_line' id='line_1_37' title="bbox 147 3624 2435 3685; baseline 0.001 -19"><span class='ocrx_word' id='word_1_327' title='bbox 147 3626 310 3677; x_wconf 78' lang='lat' dir='ltr'>reliqui</span> <span class='ocrx_word' id='word_1_328' title='bbox 339 3627 402 3676; x_wconf 84' lang='lat' dir='ltr'>(A</span> <span class='ocrx_word' id='word_1_329' title='bbox 447 3629 555 3677; x_wconf 79' lang='lat'>346,</span> <span class='ocrx_word' id='word_1_330' title='bbox 586 3638 629 3677; x_wconf 87' lang='lat' dir='ltr'>a,</span> <span class='ocrx_word' id='word_1_331' title='bbox 664 3630 710 3677; x_wconf 87' lang='lat'>1;</span> <span class='ocrx_word' id='word_1_332' title='bbox 738 3627 796 3671; x_wconf 91' lang='lat' dir='ltr'>B.</span> <span class='ocrx_word' id='word_1_333' title='bbox 825 3629 931 3673; x_wconf 86' lang='lat'>201.</span> <span class='ocrx_word' id='word_1_334' title='bbox 961 3630 1010 3676; x_wconf 74' lang='lat'>23</span> <span class='ocrx_word' id='word_1_335' title='bbox 1038 3626 1104 3685; x_wconf 70' lang='lat' dir='ltr'>H,</span> <span class='ocrx_word' id='word_1_336' title='bbox 1132 3629 1243 3677; x_wconf 84' lang='lat'>441;</span> <span class='ocrx_word' id='word_1_337' title='bbox 1336 3636 1512 3677; x_wconf 71' lang='lat' dir='ltr'>maona</span> <span class='ocrx_word' id='word_1_338' title='bbox 1544 3636 1714 3668; x_wconf 79' lang='lat' dir='ltr'>merces</span> <span class='ocrx_word' id='word_1_339' title='bbox 1747 3625 1995 3677; x_wconf 85' lang='lat' dir='ltr'>predicate</span> <span class='ocrx_word' id='word_1_340' title='bbox 2027 3624 2148 3668; x_wconf 83' lang='lat' dir='ltr'>with</span> <span class='ocrx_word' id='word_1_341' title='bbox 2180 3625 2435 3669; x_wconf 60' lang='lat' dir='ltr'>addebatur.</span> 
     </span>
     <span class='ocr_line' id='line_1_38' title="bbox 151 3689 2436 3744; baseline 0 -11"><span class='ocrx_word' id='word_1_342' title='bbox 151 3689 289 3737; x_wconf 79' lang='grc' dir='ltr'><strong>Η.-Β.</strong></span> <span class='ocrx_word' id='word_1_343' title='bbox 309 3694 441 3744; x_wconf 81' lang='lat'>346),</span> <span class='ocrx_word' id='word_1_344' title='bbox 465 3693 623 3737; x_wconf 79' lang='lat' dir='ltr'>which</span> <span class='ocrx_word' id='word_1_345' title='bbox 641 3693 683 3736; x_wconf 85' lang='lat' dir='ltr'>is</span> <span class='ocrx_word' id='word_1_346' title='bbox 700 3693 856 3737; x_wconf 76' lang='lat' dir='ltr'>round</span> <span class='ocrx_word' id='word_1_347' title='bbox 875 3693 979 3737; x_wconf 83' lang='lat' dir='ltr'>also</span> <span class='ocrx_word' id='word_1_348' title='bbox 996 3693 1047 3736; x_wconf 83' lang='lat' dir='ltr'>in</span> <span class='ocrx_word' id='word_1_349' title='bbox 1065 3695 1147 3737; x_wconf 75' lang='lat'>28.</span> <span class='ocrx_word' id='word_1_350' title='bbox 1170 3697 1241 3737; x_wconf 84' lang='lat'>14.</span> <span class='ocrx_word' id='word_1_351' title='bbox 1400 3695 1442 3738; x_wconf 84' lang='lat'>6.</span> <span class='ocrx_word' id='word_1_352' title='bbox 1481 3691 1705 3736; x_wconf 66' lang='lat' dir='ltr'>tabulas</span> <span class='ocrx_word' id='word_1_353' title='bbox 1738 3701 1936 3736; x_wconf 71' lang='lat' dir='ltr'>novas:</span> <span class='ocrx_word' id='word_1_354' title='bbox 2006 3692 2132 3735; x_wconf 86' lang='lat' dir='ltr'>‘new</span> <span class='ocrx_word' id='word_1_355' title='bbox 2166 3689 2436 3741; x_wconf 79' lang='lat' dir='ltr'>accounts,’</span> 
     </span>
    </p>

    <p class='ocr_par' dir='ltr' id='par_1_14' title="bbox 151 3758 2436 3879">
     <span class='ocr_line' id='line_1_39' title="bbox 206 3758 2436 3813; baseline -0.001 -11"><span class='ocrx_word' id='word_1_356' title='bbox 206 3762 279 3804; x_wconf 82' lang='lat'>41.</span> <span class='ocrx_word' id='word_1_357' title='bbox 314 3761 456 3812; x_wconf 73' lang='lat' dir='ltr'>quin</span> <span class='ocrx_word' id='word_1_358' title='bbox 469 3779 512 3795; x_wconf 73' lang='grc' dir='ltr'>ε-</span> <span class='ocrx_word' id='word_1_359' title='bbox 533 3760 699 3813; x_wconf 74' lang='lat' dir='ltr'>qui-ne</span> <span class='ocrx_word' id='word_1_360' title='bbox 778 3761 831 3803; x_wconf 86' lang='lat' dir='ltr'>in</span> <span class='ocrx_word' id='word_1_361' title='bbox 901 3760 968 3804; x_wconf 81' lang='lat' dir='ltr'>its</span> <span class='ocrx_word' id='word_1_362' title='bbox 1038 3760 1243 3812; x_wconf 81' lang='lat' dir='ltr'>original</span> <span class='ocrx_word' id='word_1_363' title='bbox 1337 3759 1594 3810; x_wconf 83' lang='lat' dir='ltr'>involvlng</span> <span class='ocrx_word' id='word_1_364' title='bbox 1614 3770 1644 3802; x_wconf 87' lang='lat' dir='ltr'>a</span> <span class='ocrx_word' id='word_1_365' title='bbox 1666 3759 1986 3803; x_wconf 72' lang='lat' dir='ltr'>cancellation</span> <span class='ocrx_word' id='word_1_366' title='bbox 2007 3761 2060 3802; x_wconf 88' lang='lat' dir='ltr'>of</span> <span class='ocrx_word' id='word_1_367' title='bbox 2081 3758 2208 3802; x_wconf 82' lang='lat' dir='ltr'>their</span> <span class='ocrx_word' id='word_1_368' title='bbox 2229 3758 2436 3801; x_wconf 69' lang='lat' dir='ltr'>debis—-</span> 
     </span>
     <span class='ocr_line' id='line_1_40' title="bbox 151 3824 2436 3879; baseline -0.002 -10"><span class='ocrx_word' id='word_1_369' title='bbox 151 3835 292 3877; x_wconf 71' lang='lat' dir='ltr'>sense,</span> <span class='ocrx_word' id='word_1_370' title='bbox 326 3827 462 3879; x_wconf 79' lang='lat' dir='ltr'>‘why</span> <span class='ocrx_word' id='word_1_371' title='bbox 490 3829 630 3871; x_wconf 78' lang='lat' dir='ltr'>not?’</span> <span class='ocrx_word' id='word_1_372' title='bbox 1317 3838 1368 3869; x_wconf 53' lang='lat' dir='ltr'>‘a</span> <span class='ocrx_word' id='word_1_373' title='bbox 1389 3829 1490 3868; x_wconf 84' lang='lat' dir='ltr'>sort</span> <span class='ocrx_word' id='word_1_374' title='bbox 1513 3827 1565 3868; x_wconf 81' lang='lat' dir='ltr'>of</span> <span class='ocrx_word' id='word_1_375' title='bbox 1587 3825 1858 3878; x_wconf 84' lang='lat' dir='ltr'>‘bankrupt</span> <span class='ocrx_word' id='word_1_376' title='bbox 1879 3826 2006 3869; x_wconf 66' lang='lat' dir='ltr'>law!</span> <span class='ocrx_word' id='word_1_377' title='bbox 2059 3826 2221 3868; x_wconf 88' lang='lat' dir='ltr'>Cicero</span> <span class='ocrx_word' id='word_1_378' title='bbox 2242 3825 2330 3866; x_wconf 81' lang='lat' dir='ltr'>has</span> <span class='ocrx_word' id='word_1_379' title='bbox 2351 3824 2436 3866; x_wconf 85' lang='lat' dir='ltr'>the</span> 
     </span>
    </p>

    <p class='ocr_par' dir='ltr' id='par_1_15' title="bbox 207 3891 2436 3946">
     <span class='ocr_line' id='line_1_41' title="bbox 207 3891 2436 3946; baseline -0.001 -9"><span class='ocrx_word' id='word_1_380' title='bbox 207 3897 280 3938; x_wconf 78' lang='lat'>43.</span> <span class='ocrx_word' id='word_1_381' title='bbox 315 3904 426 3939; x_wconf 68' lang='lat' dir='ltr'>rea.</span> <span class='ocrx_word' id='word_1_382' title='bbox 469 3906 524 3938; x_wconf 87' lang='lat' dir='ltr'>as</span> <span class='ocrx_word' id='word_1_383' title='bbox 549 3895 600 3938; x_wconf 79' lang='lat' dir='ltr'>ln</span> <span class='ocrx_word' id='word_1_384' title='bbox 624 3895 657 3938; x_wconf 90' lang='lat' dir='ltr'>l.</span> <span class='ocrx_word' id='word_1_385' title='bbox 681 3896 755 3940; x_wconf 84' lang='lat'>30.</span> <span class='ocrx_word' id='word_1_386' title='bbox 1340 3903 1475 3936; x_wconf 83' lang='lat' dir='ltr'>same</span> <span class='ocrx_word' id='word_1_387' title='bbox 1502 3892 1677 3946; x_wconf 80' lang='lat' dir='ltr'>phrase</span> <span class='ocrx_word' id='word_1_388' title='bbox 1710 3895 1807 3941; x_wconf 90' lang='lat' dir='ltr'>(see</span> <span class='ocrx_word' id='word_1_389' title='bbox 1836 3893 1905 3936; x_wconf 90' lang='lat'>11.</span> <span class='ocrx_word' id='word_1_390' title='bbox 1933 3894 1983 3935; x_wconf 75' lang='grc'>8.</span> <span class='ocrx_word' id='word_1_391' title='bbox 2015 3893 2110 3942; x_wconf 81' lang='grc'><strong>19).</strong></span> <span class='ocrx_word' id='word_1_392' title='bbox 2171 3891 2436 3942; x_wconf 66' lang='lat' dir='ltr'>preocup-</span> 
     </span>
    </p>
   </div>
  </div>
 </body>
</html>
